2151 3253
938 225 1126 257 AENEID
1165 226 1232 257 IX.

229 340 374 386 Posse
398 339 531 385 viam
555 339 619 385 ad
643 355 809 385 muros
833 344 883 384 et
907 340 1100 385 moenia
1126 340 1404 386 Pallantea.

227 416 481 478 Obstipuit
504 432 685 477 magno
708 416 914 461 laudum
938 432 1194 478 percussus
1217 433 1386 462 amore

226 476 514 556 Euryalus]
541 494 687 539 simul
712 493 786 539 his
811 493 1069 539 ardentem
1094 493 1300 539 adfatur
1324 495 1536 539 amicum
1561 515 1568 542 :

227 572 376 618 Mene
399 571 555 631 igitur
578 571 761 616 socium
787 571 990 616 summis
1015 571 1287 631 adiungere
1312 572 1474 629 rebus,

225 650 359 706 Nise,
386 648 550 709 fugis?
588 648 744 693 solum
769 654 819 693 te
844 649 896 694 in
921 654 1065 694 tanta
1093 649 1310 709 pericula
1335 649 1531 694 mittam
1548 652 1563 695 ‘2

226 726 343 771 Non
366 725 437 770 ita
461 740 539 770 me
564 724 771 785 genitor,
798 725 937 770 bellis
961 725 1196 770 adsuetus
1223 725 1471 786 Opheltes,

226 802 514 864 Argolicum
538 806 781 848 terrorem
805 802 937 847 inter
962 802 1232 862 Troiaeque
1258 802 1449 848 labores

227 879 494 926 Sublatum
519 878 730 937 erudiit,
767 894 855 923 nec
881 884 1045 924 tecum
1071 879 1195 924 talia
1222 879 1365 940 gessi,

225 955 611 1019 Magnanimum
636 956 847 1001 Aenean
871 960 920 1001 et
945 955 1054 1000 fata
1081 961 1304 1001 extrema
1330 961 1526 1002 secutus
1546 975 1554 1002 :

224 1034 316 1079 Est
340 1033 432 1089 hic,
461 1038 534 1079 est
559 1033 757 1077 animus
780 1032 902 1077 lucis
925 1036 1250 1093 contemptor,
1278 1038 1326 1078 et
1354 1034 1505 1078 istum

227 1111 323 1167 Qui
346 1110 452 1156 vita
477 1111 600 1156 bene
625 1110 792 1155 credat
817 1110 926 1167 emi,
954 1126 1049 1170 quo
1074 1110 1250 1166 tendis,
1277 1110 1524 1156 honorem.

226 1189 380 1234 Nisus
403 1187 467 1233 ad
490 1187 610 1233 haec
632 1205 641 1233 :
681 1187 923 1248 Equidem
949 1187 1008 1232 de
1032 1192 1082 1232 te
1108 1188 1179 1232 nil
1203 1188 1304 1233 tale
1331 1190 1552 1245 verebar,

227 1265 334 1311 Nec
357 1264 448 1321 faS‚
475 1280 576 1309 non
595 1281 608 1322 3
644 1265 717 1309 ita
742 1279 820 1308 me
843 1264 1032 1309 referat
1058 1265 1150 1309 tibi
1175 1259 1383 1325 magnus
1409 1271 1638 1311 ovantem

228 1340 458 1401 Iuppiter
481 1345 569 1385 aut
593 1340 888 1401 quicumque
912 1340 1062 1384 oculis
1088 1340 1207 1385 haec
1231 1341 1404 1401 aspicit
1429 1343 1611 1402 aequis.

232 1418 326 1463 Sed
350 1418 391 1462 si
414 1417 537 1478 quis,
564 1433 688 1478 quae
714 1417 872 1462 multa
896 1417 1030 1462 vides
1055 1417 1335 1463 discrimine
1358 1419 1462 1476 tali,

231 1496 282 1542 Si
306 1496 415 1557 quis
437 1495 491 1540 in
515 1495 779 1540 adversum
803 1495 968 1555 rapiat
992 1511 1193 1540 casusve
1217 1495 1410 1553 deusve,

230 1573 298 1618 Te
322 1588 573 1633 superesse
596 1573 744 1618 velim
760 1590 773 1631 3
811 1578 902 1618 tua
927 1574 1033 1618 vita
1061 1573 1255 1634 dignior
1278 1578 1428 1619 aetas.

238 1640 314 1685 Sit
338 1640 424 1700 qui
448 1655 526 1684 me
550 1645 749 1700 raptum
775 1656 944 1701 pugna
970 1640 1188 1701 pretiove
1211 1641 1522 1701 redemptum

238 1716 450 1762 Mandet
474 1716 639 1774 humo,
668 1717 813 1763 solita
837 1722 924 1762 aut
950 1718 989 1762 si
1014 1734 1112 1778 qua
1137 1717 1186 1762 id
1212 1718 1435 1763 Fortuna
1460 1718 1665 1774 vetabit,

233 1793 447 1839 Absenti
470 1793 604 1839 ferat
627 1793 834 1839 inferias
858 1794 1148 1855 decoretque
1173 1795 1443 1855 sepulchro.

234 1871 349 1917 Neu
372 1870 524 1915 matri
547 1872 751 1916 miserae
776 1872 907 1916 tanti
933 1872 1023 1916 sim
1049 1887 1197 1916 causa
1222 1871 1413 1929 doloris,

234 1949 373 2003 Quae
397 1952 447 1992 te
472 1947 587 2005 sola,
614 1963 751 2008 puer,
778 1948 949 1993 multis
973 1964 998 1993 e
1022 1949 1266 1994 matribus
1290 1965 1411 1993 ausa

237 2023 573 2084 Persequitur,
600 2025 769 2084 magni
792 2040 881 2069 nec
906 2025 1099 2069 moenia
1123 2029 1267 2070 curat
1290 2026 1516 2070 Acestae.

237 2101 332 2146 Ille
356 2104 528 2145 autem
548 2119 556 2146 :
594 2101 778 2146 Causas
803 2102 1102 2162 nequiquam
1128 2103 1282 2146 nectis
1305 2102 1483 2157 inanis,

236 2181 343 2227 Nec
366 2196 476 2226 mea
500 2180 602 2226 iam
627 2186 827 2227 mutata
851 2182 952 2226 loco
977 2182 1228 2227 sententia
1251 2183 1381 2227 cedit
1403 2201 1411 2229 ι

235 2258 598 2315 Adceleremus,
625 2258 712 2304 ait.
782 2259 973 2320 Vigiles
997 2259 1143 2304 simui
1167 2260 1353 2304 excitat
1370 2276 1382 2316 3
1418 2260 1490 2304 1111

239 2334 519 2381 Succedunt
542 2339 838 2396 servantque
863 2336 991 2380 vices
1012 2353 1020 2380 :
1062 2336 1276 2380 statione
1300 2336 1472 2380 relicta

236 2413 350 2473 Ipse
373 2427 532 2456 comes
555 2411 678 2457 Niso
701 2413 942 2473 graditur,
969 2429 1233 2474 regemque
1258 2414 1535 2474 requirunt.

304 2488 482 2534 Cetera
506 2504 595 2548 per
617 2493 780 2534 terras
798 2490 957 2534 omnis
981 2490 1221 2535 animalia
1246 2506 1414 2534 somno

239 2565 503 2611 Laxabant
526 2581 669 2610 curas
693 2569 743 2611 et
767 2566 914 2611 corda
938 2566 1094 2611 oblita
1120 2567 1347 2611 laborum
1368 2583 1380 2623 3

240 2643 482 2688 Ductores
505 2641 750 2687 Teucrum
774 2643 937 2703 primi,
962 2642 1149 2687 delecta
1174 2643 1422 2699 iuventus,

240 2717 510 2764 Consilium
534 2718 740 2763 summis
763 2719 905 2780 regni
929 2719 985 2764 de
1010 2719 1156 2764 rebus
1180 2719 1449 2775 habebant,

239 2794 370 2850 Quid
394 2793 617 2839 facerent
641 2795 812 2856 quisve
835 2796 1037 2841 Aeneae
1060 2796 1160 2841 iam
1185 2796 1394 2841 nuntius
1418 2799 1556 2840 esset.

242 2872 394 2917 Stant
416 2870 576 2931 longis
602 2871 773 2916 adnixi
797 2873 955 2917 hastis
980 2876 1029 2916 et
1053 2876 1194 2917 scuta
1220 2876 1446 2916 tenentes

243 2949 533 2995 Castrorum
557 2951 608 2991 et
633 2947 794 3007 campi
818 2948 985 2994 medio.
1062 2948 1188 2992 Tum
1214 2947 1367 2992 Nisus
1392 2951 1441 2992 et
1466 2963 1567 2991 una

1801 1052 1890 1098 205

1805 1810 1894 1857 215

1808 2200 1901 2228 220

1813 2579 1900 2624 225

1819 2962 1911 3006 230
