2151 3253
217 228 245 272 8
963 235 1160 267 VERGIL.

214 355 464 416 Euryalus
489 352 751 399 confestim
777 351 966 395 alacres
990 348 1247 393 admittier
1272 351 1420 393 orant
1443 366 1451 394 z

213 432 341 477 Rem
366 446 615 492 magnam,
643 428 958 489 pretiumque
983 440 1149 469 morae
1173 424 1292 470 fore.
1364 424 1563 469 Primus
1587 423 1730 469 Iulus

210 509 420 569 Accepit
443 506 659 567 trepidos
685 520 742 549 ac
767 504 949 549 Nisum
975 502 1133 547 dicere
1158 501 1315 547 iussit.

209 587 336 631 Tum
360 585 426 630 sic
452 581 753 643 Hyrtacides
776 598 784 626 ε
823 580 1012 624 Audite
1039 595 1065 624 o
1090 577 1344 624 mentibus
1369 578 1558 639 aequis,

206 660 490 717 Aeneadae,
516 673 639 705 neve
663 658 785 702 haec
810 655 992 701 nostris
1016 659 1304 716 spectentur
1329 655 1393 699 ab
1419 655 1578 711 annis,
1789 668 1878 715 235

207 740 345 795 Quae
368 738 588 784 ferimus.
661 734 843 781 Rutuli
868 749 1037 779 somno
1061 733 1274 794 vinoque
1299 733 1448 778 soluti

209 817 501 864 Conticuere
521 832 533 873 3
569 815 731 859 locum
756 811 947 857 insidiis
973 810 1315 870 conspeximus
1337 810 1445 870 ipsi,

207 895 304 950 Qui
327 897 468 955 patet
491 893 544 937 in
568 891 700 937 bivio
724 894 911 951 portae,
938 903 1067 949 quae
1092 903 1335 948 proxuma
1362 891 1514 948 ponto
1532 904 1544 945 3

207 970 491 1031 Interrupti
514 970 668 1030 ignes,
696 972 904 1028 aterque
928 964 991 1009 ad
1017 964 1177 1010 sidera
1204 964 1374 1010 fumus

205 1048 434 1109 Erigitur
455 1064 463 1092 z
502 1046 542 1091 si
566 1045 771 1090 fortuna
798 1041 1094 1104 permittitis
1119 1042 1196 1086 uti
1788 1058 1881 1099 240

204 1125 496 1180 Quaesitum
521 1123 734 1167 Aenean
759 1125 810 1166 et
836 1119 1030 1165 moenia
1056 1118 1339 1175 Pallantea,

205 1200 327 1246 Mox
350 1200 429 1245 hic
453 1215 566 1245 cum
590 1198 756 1259 spoliis
780 1195 973 1258 ingenti
998 1195 1144 1240 caede
1168 1200 1372 1255 peracta

203 1276 394 1321 Adfore
419 1274 643 1320 cernetis.
715 1273 820 1319 Nec
845 1288 934 1318 nos
958 1272 1039 1317 via
1064 1271 1210 1316 fallet
1235 1271 1402 1317 euntis
1425 1289 1433 1317 :

202 1352 439 1398 Vidimus
465 1351 683 1397 obscuris
706 1350 921 1411 primam
946 1349 1037 1394 sub
1060 1348 1277 1394 vallibus
1302 1348 1478 1394 urbem

208 1430 418 1475 Venatu
442 1427 663 1484 adsiduo,
691 1432 740 1472 et
763 1432 929 1472 totum
953 1425 1271 1487 cognovimus
1295 1441 1508 1472 amnem.
1787 1443 1876 1489 245

204 1507 303 1552 Hic
327 1506 473 1551 annis
499 1505 665 1567 gravis
689 1509 841 1565 atque
866 1504 1022 1549 animi
1046 1507 1277 1548 maturus
1300 1503 1477 1549 Aletes
1501 1521 1509 1550 :

203 1583 271 1628 Di
294 1582 461 1643 patrii,
487 1597 699 1642 quorum
723 1596 914 1641 semper
939 1581 1030 1625 sub
1053 1580 1259 1625 numine
1284 1580 1429 1625 Troia
1455 1586 1543 1639 est,

202 1660 320 1705 Non
343 1665 516 1704 tamen
539 1659 740 1704 omnino
765 1658 975 1703 Teucros
1000 1656 1161 1702 delere
1186 1658 1393 1717 paratis,

204 1736 330 1782 Cum
353 1735 472 1780 talis
497 1735 688 1780 animos
712 1735 952 1780 iuvenum
978 1738 1028 1779 et
1052 1739 1161 1779 tam
1185 1738 1321 1779 certa
1347 1735 1533 1781 tulistis

206 1812 432 1858 Pectora.
506 1812 583 1857 Sic
608 1827 888 1857 memorans
912 1811 1143 1857 humeros
1168 1811 1467 1874 dextrasque
1490 1814 1696 1860 tenebat
1785 1832 1808 1861 2
1816 1831 1878 1877 50

202 1889 484 1934 Amborum
509 1893 559 1934 et
583 1888 776 1933 voltum
799 1888 1015 1934 lacrimis
1039 1893 1192 1949 atque
1215 1904 1301 1933 ora
1325 1888 1539 1950 rigabat.

201 1967 340 2022 Quae
364 1966 513 2023 vobis,
540 1982 668 2027 quae
694 1965 860 2027 digna,
887 1966 997 2024 viri,
1024 1981 1112 2027 pro
1136 1965 1369 2011 laudibus
1395 1967 1505 2012 istis

200 2043 432 2089 Praemia
457 2059 595 2104 posse
618 2058 731 2088 rear
756 2042 907 2089 solvi?
979 2042 1323 2088 Pulcherrima
1349 2043 1568 2103 primum

202 2122 269 2167 Di
293 2137 546 2183 moresque
571 2120 765 2166 dabunt
789 2121 942 2166 vestri
962 2138 974 2179 3
1012 2125 1123 2166 tum
1148 2125 1311 2165 cetera
1336 2120 1508 2166 reddet

199 2198 450 2244 Actutum
474 2199 585 2260 pius
609 2198 811 2244 Aeneas
835 2202 988 2259 atque
1013 2197 1208 2259 integer
1233 2198 1342 2242 aevi
1784 2215 1838 2262 25
1849 2215 1873 2262 5

198 2274 462 2332 Ascanius,
490 2276 656 2321 meriti
681 2275 818 2321 tanti
841 2291 940 2320 non
966 2276 1209 2321 inmemor
1234 2291 1470 2336 unquam.

199 2352 361 2397 Immo
386 2367 474 2414 ego
499 2369 597 2411 vos,
624 2352 704 2398 cui
728 2352 829 2398 sola
854 2352 988 2398 salus
1013 2353 1235 2414 genitore
1259 2352 1476 2410 reducto,

200 2429 399 2490 Excipit
422 2430 683 2487 Ascanius,
710 2444 798 2490 per
822 2445 1044 2490 magnos,
1070 2429 1206 2487 Nise,
1234 2429 1440 2475 Penatis

199 2506 530 2567 Assaracique
556 2506 738 2551 Larem
762 2512 812 2551 et
838 2521 991 2551 canae
1017 2505 1293 2567 penetralia
1317 2506 1506 2551 Vestae

199 2583 431 2629 Obtestor
448 2601 460 2642 3
497 2599 837 2645 quaecumque
862 2583 984 2629 mihi
1008 2583 1213 2629 fortuna
1238 2583 1456 2644 fidesque
1481 2588 1570 2643 est,
1781 2589 1874 2633 260

199 2660 264 2705 In
288 2659 464 2705 vestris
488 2675 614 2721 pono
640 2659 839 2720 gremiis
858 2678 871 2719 3
908 2664 1136 2706 revocate
1161 2666 1436 2721 parentem,

199 2736 410 2782 Reddite
433 2741 778 2798 conspectum3
817 2737 942 2782 nihil
967 2737 1050 2782 illo
1074 2738 1220 2783 triste
1245 2742 1454 2798 recepto.

198 2813 327 2859 Bina
352 2814 478 2859 dabo
501 2819 708 2875 argento
732 2814 952 2875 perfecta
978 2819 1130 2876 atque
1154 2831 1327 2877 aspera
1353 2815 1505 2877 signis

197 2890 397 2948 Pocula,
424 2891 617 2936 devicta
641 2892 838 2951 genitor
862 2907 989 2952 quae
1013 2892 1143 2952 cepit
1167 2892 1370 2950 Arisba,

196 2968 266 3013 Et
288 2967 512 3028 tripodas
535 2969 767 3028 geminos,
795 2969 906 3013 auri
932 2969 1028 3014 duo
1056 2985 1238 3030 magna
1263 2970 1476 3027 talenta,
1775 2974 1867 3034 265
