2151 3253
240 217 298 260 14
985 226 1181 256 VERGIL.

235 344 557 389 Proturbant.
633 343 803 387 Instat
828 357 928 387 non
952 341 1104 386 setius
1128 356 1185 385 ac
1209 345 1345 386 rotat
1370 356 1537 386 ensem

235 421 561 476 Fulmineum,
589 419 740 464 donec
765 417 947 463 Rutuli
971 417 1235 462 clamantis
1261 417 1313 461 in
1337 432 1421 462 ore

232 497 462 543 Condidit
487 497 693 542 adverso
718 500 768 540 et
792 495 1007 540 moriens
1031 494 1253 538 animam
1278 494 1488 539 abstulit
1512 494 1656 538 hosti.

231 574 356 618 Tum
381 589 529 633 super
554 571 840 617 exanimum
865 586 967 616 sese
991 569 1196 630 proiecit
1220 571 1431 614 amicum

232 651 512 707 Confossus,
538 649 828 711 placidaque
852 648 921 693 ibi
947 647 1144 693 demum
1169 653 1328 693 morte
1353 647 1556 708 quievit.

296 729 565 773 Fortunati
589 727 734 772 ambo
759 729 767 772 Ι
840 725 892 771 si
916 725 1034 787 quid
1059 741 1169 770 mea
1197 725 1420 770 carmina
1444 728 1665 785 possunt,

226 804 384 849 Nulla
412 804 512 849 dies
537 819 761 865 unquam
785 802 989 847 memori
1014 818 1099 846 vos
1124 801 1305 847 eximet
1331 817 1468 859 aevo,

227 882 363 927 Dum
389 881 560 926 domus
584 881 787 925 Aeneae
812 878 1028 939 Capitoli
1051 878 1287 923 inmobile
1311 894 1487 923 saxum

223 959 445 1017 Accolet,
470 958 833 1019 imperiumque
856 960 1001 1017 pater
1025 955 1284 1000 Romanus
1309 955 1529 1002 habebit.

292 1035 518 1080 Victores
542 1033 727 1095 praeda
754 1032 935 1078 Rutuli
960 1032 1223 1093 spoliisque
1248 1032 1397 1093 potiti

220 1113 515 1158 Volcentem
539 1111 826 1157 exanimum
851 1110 1026 1155 fientes
1050 1110 1103 1154 in
1128 1114 1295 1154 castra
1319 1108 1566 1156 ferebant.

220 1190 327 1235 Nec
351 1190 513 1234 minor
536 1189 588 1233 in
615 1188 790 1233 castris
813 1188 979 1232 luctus
1006 1187 1292 1232 Rhamnete
1317 1192 1515 1247 reperto

220 1267 478 1328 Exsangui
503 1272 552 1312 et
577 1266 749 1327 primis
774 1281 876 1310 una
902 1268 980 1309 tot
1004 1263 1151 1309 caede
1176 1265 1460 1324 peremptis,

220 1344 530 1406 Serranoque
555 1343 840 1404 Numaque.
911 1342 1098 1403 Ingens
1122 1357 1387 1387 concursus
1411 1341 1475 1386 ad
1498 1342 1605 1403 ipsa

218 1422 435 1482 Corpora
462 1421 812 1481 seminecisque
837 1419 967 1464 viros
992 1418 1256 1480 tepidaque
1280 1423 1529 1465 recentem

219 1499 379 1545 Caede
401 1499 563 1544 locum
588 1503 638 1543 et
663 1498 833 1558 plenos
858 1496 1116 1557 spumanti
1140 1496 1384 1556 sanguine
1410 1496 1555 1541 rivos

216 1577 546 1638 Adgnoscunt
571 1575 726 1637 spolia
751 1576 885 1619 inter
910 1589 959 1619 se
983 1573 1276 1635 galeamque
1300 1574 1547 1620 nitentem

218 1653 438 1715 Messapi
461 1659 511 1699 et
536 1653 694 1698 multo
719 1652 950 1713 phaleras
975 1651 1149 1696 sudore
1174 1656 1386 1712 recepto,

283 1730 351 1775 Et
375 1731 477 1774 iam
500 1731 662 1791 prima
688 1743 815 1773 novo
839 1727 1108 1788 spargebat
1132 1727 1319 1773 lumine
1343 1732 1506 1774 terras

214 1807 416 1853 Tithoni
439 1822 662 1852 croceum
686 1805 918 1866 linquens
943 1807 1143 1849 Aurora
1168 1805 1327 1850 cubile
1350 1823 1358 1851 :

213 1885 326 1929 Iam
350 1884 449 1929 sole
472 1883 654 1941 infuso,
680 1883 783 1927 iam
807 1882 954 1927 rebus
978 1881 1086 1926 luce
1111 1882 1309 1927 retectis

211 1962 410 2006 Turnus
432 1961 487 2005 in
511 1976 653 2005 arma
679 1959 823 2016 viros,
851 1959 1006 2003 armis
1029 1958 1363 2004 circumdatus
1387 1959 1503 2020 ipse,

211 2039 446 2096 Suscitat,
473 2043 772 2099 aeratasque
797 2037 926 2083 acies
950 2039 1004 2082 in
1028 2037 1215 2097 proelia
1241 2037 1371 2098 cogit

210 2117 426 2177 Quisque
450 2132 580 2173 suas,
606 2115 855 2176 variisque
879 2119 1069 2161 acuunt
1094 2114 1376 2160 rumoribus
1399 2115 1512 2160 iras.

210 2193 343 2249 Quin
366 2194 473 2254 ipsa
498 2192 719 2250 arrectis,
745 2191 855 2236 visu
880 2191 1173 2249 miserabile,
1203 2192 1253 2236 in
1280 2191 1438 2236 hastis

210 2271 503 2332 Praefigunt
528 2269 694 2330 capita
719 2273 770 2314 et
794 2269 952 2314 multo
977 2268 1192 2314 clamore
1217 2272 1452 2314 secuntur

209 2348 419 2408 Euryali
443 2351 494 2392 et
516 2347 640 2394 Nisi.

206 2425 476 2470 Aeneadae
501 2424 613 2469 duri
637 2440 896 2469 murorum
921 2423 974 2468 in
998 2427 1142 2484 parte
1166 2422 1370 2468 sinistra

205 2501 488 2564 Opposuere
511 2501 680 2559 aciem,
708 2517 824 2545 nain
851 2500 1055 2545 dextera
1080 2499 1299 2560 cingitur
1322 2499 1475 2555 amni,

205 2578 531 2639 Ingentisque
554 2582 731 2623 tenent
755 2578 911 2622 fossas
935 2582 985 2621 et
1009 2576 1234 2621 turribus
1259 2575 1375 2621 altis

207 2654 358 2699 Stant
382 2653 559 2698 maesti
574 2670 587 2712 3
625 2653 772 2698 simul
795 2669 882 2697 ora
908 2652 1072 2697 virum
1090 2652 1312 2713 praefixa
1339 2653 1618 2707 movebant,

203 2731 340 2777 Nota
365 2731 513 2775 nimis
537 2730 726 2775 miseris
750 2735 959 2790 atroque
984 2728 1192 2774 fluentia
1217 2729 1348 2775 tabO.

269 2808 472 2852 Interea
498 2807 730 2867 pavidam
754 2805 970 2851 volitans
994 2809 1216 2867 pennata
1241 2821 1329 2865 per
1353 2806 1526 2851 urbem

202 2883 400 2929 Nuntia
426 2885 583 2929 Fama
607 2884 710 2928 ruit
735 2882 1008 2943 matrisque
1033 2882 1287 2927 adlabitur
1311 2884 1447 2928 auris

205 2960 428 3022 Euryali.
498 2961 573 3005 At
597 2960 791 3006 subitus
815 2960 1022 3005 miserae
1045 2959 1179 3004 calor
1203 2976 1311 3004 ossa
1336 2960 1552 3021 reliquit,

1774 337 1779 341 ’
1807 356 1900 398 441

1804 661 1897 708 445

1801 1046 1897 1094 450

1798 1432 1890 1479 455

1792 1809 1889 1864 460

1782 2591 1879 2635 470

1777 2974 1869 3020 475
