2151 3253
874 217 1060 247 AENEID
1098 219 1164 248 lx.

198 335 249 380 Si
274 350 371 395 qua
395 334 495 379 tuis
519 349 735 394 unquam
763 350 852 394 pro
877 350 953 378 me
980 340 1124 394 pater
1149 335 1405 393 Hyrtacus
1429 335 1530 378 aris

198 412 342 457 Dona
365 411 498 468 tulit,
524 411 564 456 si
589 427 685 472 qua
710 411 811 470 ipse
836 412 956 456 meis
981 411 1243 456 venatibus
1268 411 1386 455 auxi

199 487 500 548 Suspendive
523 487 660 532 tholo
685 492 775 532 aut
799 504 939 532 sacra
965 488 1026 532 ad
1053 487 1256 548 fastigia
1282 487 1380 543 fixi,

199 563 351 608 Hunc
375 563 479 608 sine
504 578 581 608 me
605 563 812 608 turbare
838 563 1039 624 globum
1063 568 1113 608 et
1137 578 1251 623 rege
1275 563 1377 608 tela
1403 579 1490 622 per
1516 578 1677 607 auras.

199 640 424 697 Dixerat,
451 643 501 684 et
527 644 631 685 toto
655 641 856 685 conixus
880 657 1077 702 corpore
1102 640 1291 685 ferrum

199 720 389 766 Conicit
411 738 419 766 :
447 719 592 767 hasta
616 720 788 766 volans
811 721 967 766 noctis
993 720 1273 765 diverberat
1299 720 1500 764 umbras

199 797 266 843 Et
291 798 428 842 venit
453 798 613 842 aversi
637 799 689 842 in
713 803 913 859 tergum
941 798 1202 853 Sulmonis,
1230 797 1395 857 ibique

199 874 492 935 Frangitur,
520 890 576 919 ac
600 874 711 919 fisso
737 875 918 920 transit
943 874 1229 935 praecordia
1255 874 1402 934 ligno.

199 951 437 996 Volvitur
459 951 542 996 ille
567 967 768 997 vomens
793 951 1005 996 calidum
1032 951 1090 996 de
1115 955 1309 1012 pectore
1334 950 1517 995 flumen

200 1027 443 1088 Frigidus,
470 1032 520 1073 et
545 1028 702 1089 longis
726 1028 1030 1088 singultibus
1054 1028 1136 1072 ilia
1166 1027 1348 1088 pulsat.

202 1105 398 1150 Diversi
421 1105 838 1165 circumspiciunt.
912 1104 1021 1150 Hoc
1045 1104 1204 1149 acrior
1228 1104 1356 1149 idem

201 1182 325 1227 Ecce
349 1181 484 1226 aliud
509 1197 700 1226 summa
724 1181 880 1226 telum
905 1180 1124 1226 librabat
1149 1180 1210 1225 ab
1235 1196 1369 1225 aure.

202 1260 338 1304 Dum
361 1258 631 1319 trepidant,
657 1258 717 1303 iit
742 1258 889 1303 hasta
914 1258 1046 1318 Tago
1071 1274 1159 1318 per
1184 1263 1380 1318 tempus
1406 1261 1677 1317 utrumque

203 1335 440 1392 Stridens,
467 1336 773 1396 traiectoque
797 1335 959 1380 haesit
984 1335 1234 1396 tepefacta
1258 1335 1467 1380 cerebro.

204 1413 370 1459 Saevit
393 1417 540 1458 atrox
563 1411 778 1457 Volcens
803 1428 891 1458 nec
916 1413 1004 1457 teli
1029 1412 1265 1473 conspicit
1295 1427 1505 1472 usquam

203 1490 490 1547 Auctorem,
517 1504 604 1535 nec
629 1505 726 1550 quo
750 1505 800 1534 se
825 1490 1003 1535 ardens
1027 1490 1283 1535 inmittere
1307 1489 1470 1550 possit.

205 1567 279 1612 Tu
303 1571 474 1612 tamen
499 1567 690 1612 interea
714 1566 871 1612 calido
896 1567 1018 1612 mihi
1043 1568 1282 1628 sanguine
1305 1582 1486 1627 poenas

204 1647 459 1692 Persolves
485 1646 743 1692 amborum
768 1646 932 1707 inquit
952 1663 965 1704 3
991 1646 1137 1691 simul
1163 1661 1277 1691 ense
1301 1644 1488 1690 recluso

206 1724 322 1769 Ibat
346 1723 399 1768 in
424 1722 719 1783 Euryalum.
792 1723 918 1768 Tum
944 1739 1058 1769 vero
1093 1723 1377 1779 exterritus,
1405 1737 1576 1766 amens

207 1799 500 1846 Conclamat
524 1799 692 1857 Nisus,
719 1815 807 1845 nec
833 1815 882 1845 se
907 1801 1065 1846 celare
1090 1800 1311 1846 tenebris

207 1876 438 1938 Amplius
462 1881 553 1921 aut
577 1880 782 1921 tantum
807 1878 971 1938 potuit
995 1876 1216 1938 perferre
1241 1876 1453 1921 dolorem
1476 1893 1484 1921 z

209 1953 309 2011 Me,
335 1969 427 2011 me,
453 1953 642 2011 adsum,
669 1954 756 2015 qui
780 1953 873 1999 feci
896 1954 949 1998 in
974 1969 1051 1999 me
1076 1953 1349 1999 convertite
1374 1951 1575 2008 ferrum,

207 2030 248 2077 O
274 2030 484 2077 Rutuli:
513 2046 621 2076 mea
645 2030 786 2075 fraus
810 2032 999 2085 omnis3
1027 2031 1153 2075 nihil
1176 2031 1269 2076 iste
1294 2045 1382 2074 nec
1410 2044 1557 2073 ausus

208 2107 313 2152 Nec
336 2107 528 2168 potuit,
555 2107 749 2152 caelum
774 2107 862 2153 hoc
888 2112 935 2153 et
963 2108 1152 2153 conscia
1177 2107 1336 2152 sidera
1359 2110 1515 2151 testor
1536 2124 1545 2151 :

209 2185 429 2230 Tantum
454 2183 704 2229 infelicem
730 2185 942 2230 nimium
970 2185 1141 2230 dilexit
1166 2185 1395 2230 amicum.

211 2261 352 2306 Talia
377 2261 511 2306 dicta
535 2261 689 2306 dabat
708 2278 721 2320 3
747 2261 831 2307 sed
856 2262 1043 2307 viribus
1068 2262 1196 2307 ensis
1222 2261 1427 2306 adactus

212 2339 497 2384 Transabiit
522 2343 681 2383 costas
705 2343 754 2384 et
779 2338 989 2383 candida
1012 2342 1212 2399 pectora
1235 2337 1437 2397 rumpit.

211 2415 449 2460 Volvitur
475 2415 730 2474 Euryalus
753 2415 867 2472 leto,
893 2415 1221 2475 pulchrosque
1246 2429 1332 2474 per
1356 2418 1495 2457 artus

214 2492 267 2536 It
291 2507 449 2548 cruor,
474 2491 625 2553 inque
649 2507 842 2537 umeros
867 2491 1032 2537 cervix
1056 2491 1287 2551 conlapsa
1312 2488 1559 2534 recumbit
1582 2505 1590 2533 :

214 2568 503 2628 Purpureus
528 2568 686 2613 veluti
710 2584 821 2613 cum
847 2568 934 2613 flos
959 2568 1172 2613 succisus
1197 2571 1363 2611 aratro

217 2644 514 2705 Languescit
537 2644 765 2701 morienS,
793 2644 978 2689 lassove
1002 2658 1251 2705 papavera
1276 2642 1396 2687 collo

217 2721 469 2766 Demisere
494 2726 657 2781 caput,
684 2721 855 2781 pluvia
881 2737 991 2766 cum
1018 2721 1147 2765 forte
1172 2723 1463 2781 gravantur.

217 2797 293 2842 At
316 2795 470 2842 Nisus
494 2797 597 2842 ruit
622 2797 675 2842 in
699 2797 882 2842 medios
905 2797 1160 2857 solumque
1184 2812 1271 2857 per
1295 2795 1454 2841 omnis

218 2873 513 2920 Volcentem
538 2874 680 2934 petit,
706 2874 758 2919 in
782 2875 881 2920 solo
906 2874 1148 2920 Volcente
1173 2877 1413 2918 moratur.

1803 205 1859 249 13

1769 657 1865 697 410

1773 1041 1865 1087 415

1786 2199 1881 2242 430

1787 2579 1878 2625 435

221 2951 379 3005 Quem
403 2950 586 2995 circum
611 2949 871 3010 glomerati
895 2950 1060 2995 hostes
1083 2948 1198 2994 hinc
1222 2948 1496 2994 comminus
1520 2952 1672 3007 atque
1696 2945 1809 2991 hinc
