2151 3253
263 246 325 291 24
992 258 1193 288 VERGIL.

262 377 446 422 Acrius
469 376 558 422 1100
582 377 756 421 Teucri
779 376 990 421 clamore
1014 374 1300 419 incumbere
1324 388 1506 434 magno

263 454 332 498 Et
355 454 628 514 glomerare
652 468 872 497 manum.
945 452 1045 497 Ceu
1069 467 1271 496 saevum
1296 451 1447 496 turba
1473 450 1661 497 leonem

264 531 388 577 Cum
412 530 524 575 telis
548 530 730 591 premit
754 529 961 574 infensis
979 545 991 586 3
1029 532 1083 572 at
1103 528 1309 572 territus
1331 527 1427 583 ille,

261 608 437 668 Asper,
463 607 641 652 acerba
665 611 827 663 tuens,
852 614 986 650 retro
1005 604 1151 661 redit,
1178 609 1227 649 et
1251 619 1411 665 neque
1435 608 1579 664 terga

262 685 350 729 Ira
374 682 492 728 dare
516 687 607 728 aut
630 683 792 728 virtus
815 682 1025 742 patitur,
1051 696 1139 725 1100
1164 680 1367 725 tendere
1392 683 1566 725 contra

264 760 380 821 (Ille
405 759 602 820 quidem
628 759 717 804 1100
743 757 966 819 cupiens)
992 757 1121 819 potis
1147 762 1220 802 est
1245 772 1332 818 per
1357 756 1458 802 tela
1482 756 1711 816 virosque
1733 774 1741 802 ι

265 836 421 882 Η311(1
446 837 593 882 aliter
616 841 751 882 retro
776 835 955 881 dubius
980 834 1189 895 vestigia
1214 834 1412 879 Turnus

263 915 596 976 Inpropera-ta
621 913 790 969 refert,
818 917 867 958 et
891 928 1029 958 mens
1054 916 1317 958 exaestuat
1340 912 1429 956 ira.

265 993 398 1047 Quin
423 992 575 1038 etiam
600 991 674 1036 bis
699 995 808 1036 tum
834 990 1017 1035 medios
1042 990 1296 1035 invaserat
1320 988 1489 1046 hostis,

265 1068 352 1114 Bis
375 1068 581 1114 confusa
605 1068 728 1129 fuga
752 1083 840 1128 per
863 1083 1029 1112 mm‘os
1054 1066 1256 1128 agmina
1281 1066 1435 1111 vertit
1454 1083 1467 1124 3

267 1146 359 1192 Sed
384 1162 563 1192 manus
587 1162 613 1191 e
639 1145 813 1191 castris
839 1160 1045 1206 propere
1070 1144 1167 1190 coit
1192 1144 1351 1189 omnis
1375 1143 1428 1188 in
1453 1158 1625 1200 unum,

262 1223 369 1268 Nec
392 1227 568 1268 contra
592 1223 712 1267 viris
737 1222 889 1267 audet
917 1221 1156 1267 Saturnia
1183 1221 1314 1266 Iuno

268 1300 498 1345 Sufficere
517 1317 529 1358 3
566 1299 755 1345 aeriam
780 1299 913 1344 caelo
938 1315 1054 1343 nam
1082 1298 1312 1359 Iuppiter
1337 1297 1461 1342 Irim

267 1377 481 1422 Demisit
507 1392 775 1438 germanae
800 1376 936 1421 haud
961 1375 1129 1420 mollia
1154 1375 1286 1419 iussa
1312 1373 1570 1431 ferentem,

269 1453 339 1498 Ni
362 1454 558 1499 Turnus
585 1453 727 1498 cedat
746 1453 1046 1499 Teucrorum
1072 1453 1328 1497 moenibus
1352 1452 1482 1497 altis.

272 1531 404 1592 Ergo
429 1547 518 1576 nee
543 1532 697 1593 clipeo
721 1531 913 1577 iuvenis
937 1531 1200 1577 subsistere
1224 1534 1428 1575 tantum

271 1608 378 1654 Nec
405 1608 582 1654 dextra
608 1609 744 1655 valet
767 1627 774 1654 :
813 1608 1007 1654 iniectis
1032 1609 1099 1653 sic
1123 1607 1341 1668 undique
1365 1606 1478 1652 telis

272 1686 529 1732 Obruitur.
605 1687 796 1748 Strepit
821 1686 1027 1732 adsiduo
1052 1702 1176 1732 cava
1200 1690 1426 1747 tempora
1451 1684 1636 1729 circum

273 1763 481 1809 Tinnitu
507 1763 665 1825 galea,
694 1768 744 1809 et
769 1764 900 1809 saxis
925 1763 1080 1809 solida
1105 1778 1223 1808 aera
1248 1762 1506 1818 fatiscunt,

277 1840 634 1901 Discussaeque
658 1840 803 1885 iubae
828 1840 995 1901 capiti,
1021 1855 1110 1885 nec
1136 1838 1313 1884 sufficit
1345 1838 1494 1883 umbo

277 1918 469 1964 Ictibus
492 1936 500 1964 :
532 1919 847 1979 ingeminant
872 1918 1032 1963 hastis
1055 1922 1105 1963 et
1129 1917 1277 1962 Troes
1302 1920 1352 1962 et
1375 1916 1476 1978 ipse

279 1995 568 2041 Fulmineus
594 1995 902 2041 Mnestheus.
975 1995 1100 2040 Tum
1125 1999 1231 2040 toto
1257 2010 1456 2056 corpore
1480 1993 1626 2040 sudor

277 2072 512 2133 Liquitur
537 2078 585 2118 et
611 2073 803 2133 piceum
833 2075 943 2133 (nec
967 2073 1213 2133 respirare
1238 2070 1478 2135 potestas)

281 2149 492 2196 Flumen
517 2150 621 2211 agit
637 2167 649 2209 3
687 2150 838 2196 fessos
863 2151 1030 2212 quatit·
1055 2165 1202 2211 aeger
1227 2150 1478 2195 anhelitus
1502 2154 1657 2194 artus

279 2228 405 2273 Tum
429 2228 626 2274 demum
651 2244 884 2290 praeceps
906 2228 1040 2274 saltu
1065 2244 1165 2274 sese
1190 2228 1417 2274 omnibus
1442 2228 1594 2272 armis

280 2305 346 2350 In
370 2306 577 2351 fluvium
603 2307 737 2352 dedit
757 2324 764 2352 :
802 2307 885 2352 ille
910 2322 997 2352 suo
1022 2322 1134 2352 cum
1160 2307 1359 2367 gurgite
1384 2305 1511 2351 flavo

281 2383 492 2444 Accepit
517 2385 800 2430 venientem
824 2401 881 2430 ac
905 2385 1135 2430 mollibus
1159 2384 1340 2430 extulit
1365 2384 1512 2429 undis

282 2461 350 2506 Et
374 2461 563 2507 laetum
588 2462 728 2507 sociis
751 2462 926 2506 abluta
951 2461 1098 2507 caede
1122 2461 1326 2506 remisit.

1839 694 1929 741 795

1841 1069 1936 1112 800

1846 1454 1937 1512 805

1851 1840 1946 1884 810

1855 2229 1946 2287 815
