2151 3253
482 809 550 866 P.
601 808 981 867 VERGILI
1033 808 1435 867 MARONis

577 975 656 1050 A
688 973 759 1050 E
793 974 866 1050 N
900 974 969 1050 E
1008 974 1050 1050 Ι
1084 974 1163 1051 D
1197 974 1267 1051 O
1303 974 1354 1051 S

705 1142 922 1187 LIBER
957 1141 1211 1188 NONUS.

270 1419 455 1475 TQUE
481 1435 539 1465 ea
567 1419 758 1465 divorsa
786 1420 986 1481 penitus
1012 1421 1129 1466 dum
1154 1427 1297 1483 parte
1323 1430 1583 1484 geruntur,

337 1495 462 1541 Irim
486 1496 544 1542 de
568 1496 700 1542 caelo
724 1496 857 1541 misit
886 1496 1123 1543 Saturnia
1149 1499 1278 1544 Iuno

128 1571 384 1619 Audacem
403 1573 466 1618 ad
490 1574 728 1619 Turnum.
803 1573 934 1619 Luco
958 1579 1069 1620 tum
1093 1574 1222 1622 forte
1247 1578 1469 1638 parentis

129 1649 350 1697 Pilumni
377 1651 576 1696 Turnus
601 1654 796 1695 sacrata
824 1650 952 1696 valle
978 1651 1193 1697 sedebat.

128 1727 211 1772 Ad
235 1745 382 1789 quem
407 1730 474 1776 sic
498 1744 635 1774 roseo
659 1727 1023 1774 Thaumantias
1047 1745 1129 1774 ore
1153 1730 1317 1775 locuta
1343 1736 1415 1776 est
1438 1749 1446 1777 :
1767 1749 1791 1796 5

128 1803 307 1862 Turne,
335 1806 464 1868 quod
490 1804 688 1865 optanti
713 1804 876 1849 divom
900 1806 1191 1864 promittere
1215 1822 1359 1851 nemo

126 1885 367 1944 Audemt,
393 1885 633 1932 volvenda
660 1884 761 1930 dies
785 1900 848 1930 en
872 1885 1045 1930 attulit
1069 1886 1215 1931 ultro.

128 1961 325 2008 Aeneas
349 1963 471 2008 1u=be
496 1966 546 2007 et
570 1961 711 2007 sociis
735 1966 783 2006 et
809 1961 959 2006 cla-sse
984 1962 1157 2007 relicta

128 2039 334 2100 Sceptra
362 2038 588 2085 Palatini
613 2039 875 2100 sedemque
900 2026 1029 2100 petit
1054 2040 1293 2086 Euandri.

125 2115 231 2161 Nec
255 2117 376 2163 satis
401 2135 409 2163 :
445 2121 690 2162 extremas
717 2116 926 2176 Corythi
952 2118 1239 2177 penetravit
1263 2118 1326 2163 ad
1351 2119 1498 2165 urbes
1739 2138 1796 2167 10

126 2192 475 2255 Lydorumque
500 2209 706 2238 manum
731 2192 955 2238 collectos
978 2198 1144 2239 armat
1168 2196 1391 2255 agrestis.

125 2270 255 2325 Quid
280 2271 511 2317 dubitas?
548 2287 681 2316 nunc
706 2274 904 2331 tempus
930 2286 1092 2332 equos,
1121 2288 1254 2317 nunc
1278 2289 1471 2333 poscere
1497 2290 1681 2321 currus.

125 2347 322 2409 Rumpe
346 2364 510 2394 moras
534 2347 692 2394 omnis
716 2352 766 2393 et
784 2348 989 2393 turbata
1015 2349 1176 2410 arripe
1201 2356 1379 2396 castra.

126 2424 282 2482 Dixit,
309 2430 359 2471 et
382 2426 436 2470 in
459 2425 650 2471 caelum
675 2425 878 2486 paribus
902 2441 952 2470 se
976 2426 1178 2471 sustulit
1203 2427 1294 2472 alis

126 2501 491 2563 Ingentemque
516 2502 638 2563 fug'a
664 2502 818 2548 secuit
843 2502 933 2547 sub
958 2502 1174 2548 nubibus
1198 2519 1383 2549 arcum.
1738 2521 1789 2567 15

123 2579 382 2639 Adgnovit
405 2579 600 2625 iuvenis
625 2580 930 2641 duplicisque
955 2579 1017 2624 ad
1042 2580 1201 2625 sidera
1225 2581 1416 2642 palmas

126 2658 354 2716 Sustulit,
382 2674 438 2704 ac
462 2659 556 2704 tali
580 2658 858 2720 fugientem
883 2664 957 2704 est
982 2675 1098 2704 voce
1123 2664 1321 2705 secutus
1344 2678 1352 2706 :

125 2734 214 2792 Iri,
240 2734 385 2780 decus
410 2735 545 2793 caeli,
573 2736 682 2796 quis
707 2740 757 2780 te
782 2734 905 2780 mihi
930 2735 1147 2780 nubibus
1173 2740 1336 2781 actam

125 2812 323 2858 Detulit
345 2812 399 2857 in
421 2815 614 2858 terras?
639 2812 771 2858 unde
795 2813 918 2858 haec
941 2817 1048 2858 tam
1074 2812 1206 2858 clara
1224 2818 1426 2875 repente

124 2888 444 2950 Tempestas?
468 2889 685 2935 medium
704 2889 843 2935 video
868 2889 1112 2935 discedere
1136 2890 1326 2936 caelum
1735 2909 1795 2938 20

207 2984 292 3016 Aen.
310 2983 381 3016 IX.

1566 2991 1592 3034 [Ο
