2151 3253
214 217 235 260 1
244 217 274 261 0
947 220 1096 251 VERGI
1103 220 1143 250 L.

210 346 350 400 Quae
373 342 467 388 tibi
490 340 719 402 polliceor
742 336 910 383 reduci
931 335 1175 396 rebusque
1202 334 1440 391 secundis,

211 423 353 468 Haeo
377 420 549 466 eadem
573 417 825 477 matrique
851 419 971 459 tuae
995 414 1262 474 generique
1286 412 1579 458 manebunt.

213 499 290 544 Sic
315 498 390 542 ait
414 495 736 541 inlacrimans
756 511 767 546 ;
803 506 976 536 umero
1001 489 1149 534 simul
1173 489 1313 534 exuit
1337 505 1504 534 ensem

209 577 481 630 Aiu‘atum,
508 572 635 617 mira
661 585 809 631 quem
833 568 1022 613 fecerat
1047 570 1156 610 arte
1183 565 1384 625 Lycaon

213 652 426 698 Gnosius
451 654 602 710 atque
626 646 845 692 habilem
868 644 1053 705 vagina
1078 646 1285 703 aptarat
1309 642 1513 687 eburna.

212 732 316 777 Dat
343 729 466 774 Niso
493 724 787 771 Mnestheus
811 721 990 783 pellem
1013 719 1361 780 horrentisque
1385 719 1539 764 leonis

212 806 432 854 Exuvias
450 823 462 863 3
489 803 677 865 galeam
701 800 828 846 fidus
850 801 1111 860 permutat
1135 796 1327 842 Aletes.

211 883 450 930 Protinus
472 879 658 926 armati
681 877 920 923 incedunt
935 892 948 933 3
975 889 1097 936 quos
1127 874 1287 918 omnis
1311 873 1477 919 euntis

212 961 499 1006 Primorum
523 971 702 1001 manus
726 954 788 999 ad
812 957 995 1014 portaS‚
1021 951 1357 1011 iuvenumque
1382 966 1669 1010 senumque,

211 1036 541 1097 Prosequitur
564 1032 706 1078 votis.
779 1031 887 1076 Nec
910 1044 1013 1074 non
1037 1032 1087 1073 et
1112 1027 1319 1089 pulc-her
1343 1027 1503 1084 Iulus,

212 1116 354 1160 Ante
379 1128 537 1159 annos
562 1110 886 1169 animumque
911 1121 1088 1167 gerens
1112 1119 1382 1166 curamque
1406 1104 1616 1160 virilem,

214 1192 381 1238 Multa
405 1189 540 1252 patri
564 1187 804 1233 mandata
830 1185 986 1230 dabat·
1011 1182 1259 1243 portanda
1283 1200 1291 1228 :
1319 1181 1403 1227 sed
1427 1196 1581 1227 aurae

214 1268 393 1316 Omnia
421 1267 705 1326 discerpunt
730 1268 781 1308 et
805 1261 1021 1307 nubibus
1044 1259 1199 1304 inrita
1223 1258 1426 1304 donant.

281 1343 482 1406 Egressi
506 1345 745 1403 superant
769 1339 923 1385 fossas
947 1338 1203 1398 noctisque
1227 1351 1315 1397 per
1340 1336 1572 1381 umbram

216 1424 394 1469 Castra
419 1419 620 1466 inimica
645 1422 841 1479 pet-unt,
868 1414 1043 1460 multis
1065 1419 1239 1459 tamen
1265 1417 1384 1458 ante
1407 1412 1572 1458 futuri

216 1499 400 1546 Exitio.
473 1496 666 1542 Passim
691 1509 861 1540 somno
885 1493 1098 1553 vinoque
1122 1506 1210 1552 per
1233 1490 1439 1535 herbam

217 1579 435 1639 Corpora
461 1574 572 1620 fusa
595 1573 783 1629 vident,
810 1575 1025 1617 arrectos
1049 1570 1196 1615 litore
1222 1584 1412 1626 currus⁷

217 1657 364 1716 Inber
387 1654 493 1698 lora
516 1656 755 1711 rotasque
778 1649 923 1705 viros⁷
951 1648 1098 1692 simul
1122 1662 1261 1691 arma
1288 1646 1461 1703 iacere,

166 1775 178 1784 ,
227 1733 357 1778 Vina
382 1729 545 1777 simul.
616 1728 761 1772 Prior
787 1725 1090 1787 Hyrtacides
1114 1725 1181 1768 sic
1206 1739 1290 1769 ore
1314 1723 1511 1768 locutus
1533 1740 1541 1768 :

219 1809 456 1870 Euryale,
483 1804 766 1851 audendum
793 1803 998 1855 dextra:
1025 1817 1157 1847 nunc
1180 1802 1289 1862 ipsa
1315 1806 1455 1846 voc-at
1483 1816 1576 1846 res.

221 1889 337 1934 Hae
359 1887 456 1932 iter
481 1889 571 1929 est.
643 1883 733 1940 Tu,
759 1897 822 1926 ne
845 1897 945 1942 qua
970 1895 1148 1925 manus
1173 1895 1222 1924 se
1247 1878 1476 1923 attollere
1501 1877 1642 1923 nobis

220 1965 272 2010 A
299 1970 439 2024 tergo
462 1961 632 2024 possit7·
658 1959 849 2004 custodi
873 1963 923 2003 et
947 1956 1146 2003 consule
1171 1956 1315 2017 longe
1332 1973 1344 2014 3

222 2042 365 2087 Haec·
391 2055 478 2100 ego
501 2043 645 2083 vast-a
670 2037 794 2081 dabo
818 2040 868 2081 et
892 2036 998 2080 lato
1021 2039 1072 2079 te
1095 2033 1256 2079 limite
1280 2033 1471 2078 ducam.

224 2119 303 2164 Sic
328 2121 573 2163 memorat
597 2129 864 2175 vocemque
887 2112 1069 2173 premit-
1093 2127 1103 2167 ;
1131 2111 1276 2156 simul
1303 2126 1418 2155 ense
1444 2109 1715 2171 superbum

225 2196 560 2241 Rhamnetem
585 2191 891 2253 adgreditur,
917 2189 1001 2250 qui
1028 2190 1160 2233 forte
1185 2188 1439 2248 tapetibus
1462 2186 1577 2232 altis

223 2273 525 2317 Exstructus
548 2274 656 2315 toto
680 2267 926 2329 proflabat
950 2270 1146 2327 pectore
1172 2280 1485 2319 somnum,—

225 2350 336 2396 Rex
358 2348 488 2393 idem
515 2352 564 2392 et
588 2346 696 2408 regi
720 2345 889 2390 Tm‘no
914 2342 1225 2403 gratissimus
1250 2357 1426 2402 augur,

227 2426 322 2472 Sed
346 2441 445 2470 non
470 2423 678 2485 augurio
703 2421 871 2483 potuit
895 2419 1136 2481 depellere
1159 2424 1362 2479 pestem.

226 2503 335 2549 Tris
357 2503 501 2547 iuxta
529 2499 743 2545 famulos
767 2503 954 2544 temere
978 2497 1112 2542 inter
1135 2496 1237 2541 tela
1260 2495 1467 2540 iacent-is

226 2579 652 2640 Armigerumque
677 2575 826 2621 Remi
849 2574 1032 2636 premit
1055 2573 1384 2634 aurigamque
1408 2573 1498 2618 sub
1523 2572 1640 2634 ipsis

226 2657 423 2703 Nactus
447 2655 584 2716 equis
607 2653 839 2714 ferroque
863 2656 998 2698 secat
1021 2651 1295 2712 pendentia
1319 2650 1440 2695 colla
1459 2667 1474 2708 3

227 2734 356 2780 Tum
379 2736 531 2793 caput
554 2730 647 2792 ipsi
671 2729 839 2775 aufert
864 2728 1061 2774 domino
1084 2733 1421 2788 truncumque
1442 2726 1682 2787 relinquit

230 2810 481 2872 Sanguine
505 2808 869 2870 singultantem
884 2823 897 2865 3
924 2812 1035 2851 atro
1059 2805 1310 2866 tepefacta
1334 2819 1507 2850 cruore

1791 656 1882 704 305

1798 1425 1889 1472 315

1801 1815 1897 1858 320

1804 2199 1895 2246 325

1807 2587 1902 2632 330

229 2889 381 2934 Terra
405 2886 602 2946 torique
626 2885 860 2930 madent:
888 2898 979 2928 nec
1002 2898 1101 2928 non
1130 2881 1503 2942 Lamyrumque
1528 2879 1838 2940 Lamumque

230 2965 301 3010 Et
324 2963 554 3009 iuvenem
580 2962 865 3017 Serranum,
891 2959 975 3005 illa
1001 2958 1087 3020 qui
1110 2958 1327 3019 plurima
1351 2963 1493 3002 noc-te

1808 2969 1900 3016 335
