2151 3253
935 239 1122 271 AENEID
1158 241 1226 272 IX.

247 356 315 400 Et
338 356 536 401 tunicae
558 355 776 401 manicas
801 360 852 401 et
876 355 1064 401 habent
1089 357 1378 403 redimicula
1404 360 1597 405 mitrae.

246 432 287 478 O
311 448 424 478 vere
448 432 696 493 Phrygiae
721 431 901 494 <neque
925 434 1057 478 enim
1083 433 1342 495 Phryges),
1369 435 1438 480 ite
1464 452 1550 495 per
1574 437 1680 481 alta

245 505 512 566 Dindyma,
539 507 624 551 ubi
648 507 866 552 adsuetis
890 507 1099 552 biforem
1123 508 1212 553 dat
1236 510 1362 554 tibia
1388 516 1593 555 cantum
1609 528 1622 569 3

243 583 502 645 Tympana
525 600 610 630 vos
634 584 888 646 buxusque
911 591 1053 630 vocat
1080 586 1375 647 Berecyntia
1402 587 1584 633 Matris

242 660 423 706 Idaeae
445 678 454 707 z
490 660 638 707 sinite
661 677 803 707 arma
828 662 946 707 viris
971 667 1020 708 et
1045 662 1202 708 cedite
1225 663 1371 709 ferro.

308 736 448 782 Talia
469 737 741 783 iactantem
768 737 910 783 dict-is
934 754 991 783 ac
1018 738 1126 784 dira
1150 744 1411 795 canentem

242 813 360 858 Non
377 813 498 859 tulit
520 814 782 871 Ascanius,
809 830 1056 876 nervoque
1079 815 1311 861 obversus
1335 817 1512 877 equino

244 890 473 936 Intendit
496 890 652 936 telum
677 891 968 951 divorsaque
992 891 1220 937 bracchia
1244 892 1426 937 ducens

243 967 495 1024 Constitit,
523 971 642 1012 ante
668 967 840 1013 Iovem
864 968 1074 1028 supplex
1097 983 1185 1028 per
1210 973 1326 1013 vota
1350 974 1584 1029 precatus
1609 988 1617 1015 :

241 1044 473 1104 Iuppiter
495 1044 819 1104 omnipotens,
846 1043 1114 1089 audacibus
1139 1045 1302 1090 adnue
1327 1047 1520 1106 coeptis.

240 1121 355 1181 Ipse
377 1120 473 1165 tibi
495 1120 559 1165 ad
584 1125 675 1166 tua
700 1121 886 1181 templa
911 1120 1074 1166 feram
1099 1121 1353 1167 sollemnia
1379 1122 1507 1167 dona

239 1197 308 1242 Et
333 1201 556 1242 statuam
580 1202 700 1243 ante
723 1213 837 1242 aras
862 1202 1046 1242 aurata
1070 1197 1235 1243 fronte
1259 1199 1523 1245 iuvencum

239 1273 547 1320 Gaudentem
571 1274 855 1335 pariterque
879 1278 1030 1334 caput
1054 1290 1167 1319 cum
1191 1279 1353 1319 matre
1378 1274 1638 1333 ferentem,

239 1351 353 1396 Iam
377 1366 530 1396 cornu
553 1355 695 1411 petat
720 1356 771 1396 et
794 1351 1000 1412 pedibus
1023 1352 1107 1413 qui
1133 1357 1341 1413 spargat
1366 1352 1620 1398 harenam.

239 1429 418 1474 Audiit
442 1433 493 1474 et
516 1428 638 1474 caeli
662 1428 869 1474 Genitor
893 1429 951 1474 de
975 1434 1118 1489 parte
1143 1444 1316 1474 serena

240 1505 473 1550 Intonuit
496 1505 708 1561 laevum,
735 1509 881 1550 sonat
906 1521 1008 1550 una
1033 1504 1205 1550 fatifer
1230 1521 1375 1550 arcus
1397 1523 1405 1551 :

241 1582 432 1643 Effugit
456 1582 757 1627 horrendum
782 1581 997 1627 stridens
1020 1582 1236 1627 adducta
1261 1582 1449 1642 sagitta

241 1659 433 1719 Perque
456 1661 608 1718 caput
633 1657 834 1702 Remuli
858 1658 996 1702 venit
1020 1663 1071 1703 et
1094 1673 1218 1703 cava
1243 1662 1467 1718 tempora
1494 1657 1625 1703 ferro

239 1735 508 1797 Transigit.
534 1767 540 1771 -
580 1735 623 1792 I,
648 1735 811 1779 verbis
834 1735 1075 1780 virtutem
1098 1734 1267 1779 inlude
1292 1735 1515 1795 superbis
1537 1753 1545 1781 :

238 1812 326 1857 Bis
350 1811 484 1872 capti
508 1811 731 1872 Phryges
754 1810 874 1856 haec
900 1810 1105 1856 Rutulis
1128 1826 1361 1871 responsa
1388 1811 1660 1856 remittunt
1683 1830 1691 1857 :

240 1889 351 1934 Hoc
374 1892 580 1933 tantum
603 1888 865 1932 Ascanius.
938 1887 1113 1932 Teucri
1138 1888 1351 1932 clamore
1376 1893 1611 1932 secuntur

239 1966 556 2026 Laetitiaque
580 1964 805 2010 fremimt
829 1965 1117 2025 animosque
1143 1965 1205 2009 ad
1230 1965 1390 2009 sidera
1415 1964 1614 2009 tollunt.

237 2041 481 2087 Aetheria
503 2046 613 2086 tum
637 2040 767 2085 forte
791 2040 937 2101 plaga
961 2040 1170 2085 crinitus
1190 2040 1370 2101 Apollo

239 2118 463 2178 Desuper
485 2108 732 2162 Ausonias
755 2117 880 2162 acies
903 2117 1174 2177 urbemque
1198 2117 1409 2173 videbat,

237 2196 386 2241 Nube
410 2194 596 2252 sedens,
621 2199 771 2254 atque
794 2193 871 2238 his
895 2193 1131 2238 victorem
1156 2192 1361 2238 adfatur
1388 2195 1558 2239 Iulum
1582 2213 1591 2241 :

238 2272 408 2318 Macte
430 2287 558 2317 nova
582 2271 786 2328 virtute,
812 2286 937 2330 puer
959 2287 967 2316 :
1006 2271 1074 2315 sic
1098 2271 1202 2315 itur
1227 2270 1291 2314 ad
1316 2276 1466 2328 astra,

240 2349 330 2394 Dis
354 2348 521 2409 genite
545 2352 595 2393 et
618 2348 847 2409 geniture
873 2348 997 2392 deos.
1071 2348 1190 2392 Iure
1213 2347 1379 2392 omnia
1406 2347 1533 2392 bella

238 2425 399 2471 Gente
422 2424 513 2470 sub
534 2425 771 2469 Assaraci
795 2422 902 2469 fato
926 2428 1142 2468 ventura
1167 2423 1397 2480 resident,

235 2501 342 2547 Nec
365 2506 416 2547 te
433 2501 578 2547 Troia
602 2500 748 2562 capit.
822 2500 979 2546 Simul
1004 2500 1125 2545 haec
1149 2500 1328 2545 effatus
1351 2501 1414 2545 ab
1437 2501 1541 2545 alto

236 2579 456 2624 Aethere
480 2594 530 2624 se
548 2578 698 2634 misit,
723 2578 961 2638 spirantis
985 2577 1200 2622 dimovet
1226 2592 1372 2621 auras

237 2658 608 2717 Ascaniumque
632 2658 774 2717 petit.
846 2657 1075 2702 Formam
1099 2660 1208 2700 tum
1235 2656 1450 2701 vertitur
1473 2657 1570 2701 oris

237 2735 481 2779 Anticum
504 2734 558 2778 in
582 2733 750 2778 Buten
776 2733 874 2795 (hic
899 2732 1153 2777 Dardanio
1177 2732 1428 2776 Anchisae

236 2813 472 2873 Armiger
495 2817 613 2857 ante
636 2811 735 2856 fuit
759 2812 982 2871 fidusque
1007 2811 1069 2855 ad
1094 2810 1268 2855 limina
1292 2816 1466 2867 custos,

236 2892 364 2936 Tum
387 2890 616 2936 comitem
640 2890 855 2935 Ascanio
880 2895 1023 2950 pater
1046 2889 1255 2952 addidit)
1276 2907 1284 2934 z
1323 2890 1429 2934 ibat
1454 2890 1632 2950 Apollo

237 2967 419 3014 Omnia
441 2966 680 3027 longaevo
704 2966 892 3024 similis,
918 2981 1183 3027 vocemque
1208 2966 1512 3026 coloremque

1858 233 1916 277 19

1812 668 1907 712 620

1814 1051 1905 1110 625

1803 2969 1898 3027 650
