2151 3253
240 202 296 246 12
983 207 1180 238 VERGIL.

235 328 442 388 Iamque
467 323 876 387 propinquabant
901 320 1076 365 castris
1103 333 1343 379 mm²oque
1369 315 1621 372 subibant,

238 405 362 450 Cum
389 403 558 464 procul
583 401 670 446 hos
694 401 833 445 laevo
860 396 1104 443 flectentis
1128 395 1288 440 limite
1314 398 1543 451 cernunt,

236 482 305 526 Et
330 481 469 541 galea
496 477 777 539 Euryalum
801 473 1042 521 sublustri
1069 473 1226 518 noctis
1252 472 1305 516 in
1330 471 1506 516 umbra

236 556 463 603 Prodidit
488 556 811 600 inmemorem
835 551 1082 611 radiisque
1108 549 1315 594 adversa
1342 547 1553 594 refulsit.

237 634 392 680 Haud
416 638 600 678 temere
626 635 699 676 est
724 631 898 675 visum.
973 628 1264 673 Conclamat
1289 626 1350 671 ab
1375 624 1574 686 agmine
1599 623 1813 669 Volcens
1835 641 1843 669 :

239 711 394 768 State,
422 710 532 756 viri.
606 709 744 764 Quae
768 722 918 752 causa
945 705 1082 751 viae‘.l
1109 703 1254 765 quive
1280 703 1398 748 estis
1422 702 1476 747 in
1501 701 1686 746 armis?
1819 702 1912 760 376

236 790 404 844 Quove
429 786 611 832 tenetis
635 785 765 830 iter‘.z
835 782 979 829 Nihil
1002 782 1074 827 illi
1101 781 1306 827 tendere
1331 784 1518 838 contra,

240 864 335 910 Sed
359 864 572 909 celerare
597 862 769 923 fugam
793 861 846 905 in
871 859 1020 905 silvas
1045 864 1096 904 et
1121 858 1270 903 fidere
1296 856 1444 904 nocti.

238 941 471 989 Obiciunt
498 939 689 1000 equites
714 954 815 984 sese
841 938 904 983 ad
930 936 1147 982 divortia
1173 939 1294 980 nota

240 1019 374 1064 Hinc
400 1023 552 1079 atque
576 1017 708 1074 hinc,
734 1028 1029 1076 omnemque
1053 1013 1246 1059 abitum
1272 1011 1471 1058 custode
1498 1014 1753 1056 coronant.
1823 1012 1917 1071 380

241 1096 376 1142 Silva
400 1093 500 1140 fuit
525 1095 627 1139 late
653 1092 814 1138 dumis
837 1097 988 1153 atque
1012 1090 1121 1136 ilice
1146 1090 1291 1151 nigra

240 1171 473 1229 Horrida,
500 1187 652 1232 quam
677 1169 815 1215 densi
839 1168 1150 1229 complerant
1176 1167 1395 1228 undique
1420 1170 1585 1211 sentes
1605 1182 1617 1224 3

240 1249 380 1294 Rara
404 1263 492 1308 per
517 1246 731 1292 occultos
755 1244 955 1290 lucebat
979 1243 1158 1289 semita
1183 1243 1342 1288 calles.

241 1324 520 1386 Euryalum
545 1323 780 1369 tenebrae
804 1337 1061 1367 ramorum
1086 1336 1390 1382 onerosaque
1415 1319 1603 1381 praeda

240 1402 531 1463 Impediunt
557 1401 789 1462 fallitque
813 1399 965 1445 timor
991 1398 1190 1461 regione
1214 1399 1413 1444 viarum
1430 1415 1443 1456 3
1823 1397 1884 1455 38
1891 1408 1914 1456 5

239 1480 394 1525 Nisus
420 1479 541 1525 abit.
612 1479 821 1539 Iamque
845 1476 1120 1537 inprudens
1146 1480 1374 1521 evaserat
1401 1474 1556 1520 hostis

240 1559 412 1618 Atque
435 1556 575 1614 locos,
604 1554 711 1618 (qui
736 1559 847 1616 post
871 1554 1036 1598 Albae
1062 1553 1121 1600 de
1146 1553 1345 1598 nomine
1372 1551 1491 1597 dicti

243 1633 447 1691 Albani,
475 1638 586 1678 tum
611 1649 698 1678 rex
723 1631 924 1678 stabula
949 1631 1053 1676 alta
1081 1630 1295 1676 Latinus
1319 1627 1577 1691 habebat,)

244 1713 321 1759 Ut
346 1711 487 1757 stetit
511 1717 561 1756 et
586 1710 778 1755 frustra
803 1709 1060 1754 absentem
1084 1708 1301 1769 respexit
1327 1707 1542 1752 amicum
1566 1725 1573 1753 :

246 1788 463 1850 Euryale
486 1787 677 1846 infelix,
705 1802 804 1848 qua
832 1791 882 1831 te
908 1785 1108 1848 regione
1134 1785 1343 1846 reliqui‘l
1832 1798 1926 1843 390

245 1867 417 1922 Quave
441 1881 635 1927 sequar,
663 1879 836 1909 rursus
860 1863 1151 1925 perplexum
1176 1864 1272 1908 iter
1296 1878 1442 1908 omne
1467 1860 1726 1906 revolvens

247 1943 457 1990 Fallacis
483 1943 664 1988 silvae?
738 1940 896 1986 Simul
921 1945 972 1986 et
996 1939 1208 2001 vestigia
1234 1944 1370 1985 retro

247 2021 524 2067 Observata
549 2021 672 2080 legit
698 2019 957 2079 dumisque
982 2017 1244 2063 silentibus
1268 2020 1421 2062 errat.

246 2097 411 2142 Audit
435 2111 598 2158 equos,
626 2095 770 2140 audit
795 2094 1033 2156 strepitus
1058 2099 1107 2140 et
1133 2095 1275 2156 signa
1302 2098 1612 2155 sequentum.

248 2175 354 2220 Nec
378 2174 584 2234 longum
609 2172 661 2217 in
687 2172 844 2217 medio
870 2177 1082 2233 tempus,
1109 2188 1222 2218 cum
1248 2171 1433 2216 clamor
1458 2171 1521 2216 ad
1547 2169 1683 2215 auris
1835 2182 1925 2230 395

249 2252 484 2297 Pervenit
509 2267 566 2296 ac
590 2250 726 2295 m'det
751 2250 1046 2311 Euryalum,
1074 2265 1221 2311 quem
1245 2248 1343 2294 iam
1371 2264 1547 2293 manus
1571 2246 1731 2292 omnis

253 2328 449 2375 Fraude
474 2327 566 2374 loci
591 2332 640 2373 et
664 2327 837 2384 noctis,
866 2326 1028 2371 subito
1053 2326 1296 2371 turbante
1320 2325 1558 2381 tumultu,

253 2407 554 2468 Oppressum
579 2405 716 2466 rapit
741 2409 791 2449 et
816 2408 1080 2449 conantem
1105 2403 1322 2465 plurima
1346 2402 1550 2447 frustra.

253 2483 384 2539 Quid
408 2482 594 2528 faciat?
632 2498 733 2542 qua
758 2481 811 2525 vi
835 2481 1080 2538 iuvenem,
1108 2480 1287 2541 quibus
1310 2479 1494 2524 audeat
1518 2478 1670 2524 armis

254 2561 494 2622 Eripere?
532 2576 597 2604 an
623 2575 723 2604 sese
748 2558 931 2604 medios
955 2558 1228 2603 moriturus
1253 2557 1304 2601 in
1330 2555 1460 2602 ensis
1837 2570 1933 2611 400

254 2638 451 2685 Inferat
475 2642 527 2682 et
553 2636 813 2698 pulchram
839 2639 1070 2696 properet
1094 2650 1182 2696 per
1206 2634 1410 2679 volnera
1436 2637 1647 2678 mortem
1667 2634 1682 2678 2

254 2716 401 2762 Ocius
426 2714 638 2760 adducto
662 2717 866 2774 torquet
890 2712 1074 2758 hastile
1102 2713 1287 2757 lacerto

256 2793 536 2855 Suspiciens
561 2792 720 2837 altam
747 2791 960 2849 Lunam,
989 2795 1036 2836 et
1064 2791 1131 2836 sic
1156 2805 1272 2835 voce
1297 2793 1531 2850 precatur
1556 2806 1564 2834 :

256 2871 346 2929 Tu,
374 2871 481 2929 dea,
508 2874 567 2915 tu
591 2883 826 2930 praesens
850 2873 1020 2914 nostro
1046 2883 1275 2913 succurre
1300 2867 1474 2925 labori,

259 2950 531 2994 Astroruni
556 2947 701 2992 decus
726 2951 776 2992 et
800 2962 1058 2992 nemorum
1087 2946 1301 2992 Latonia
1326 2949 1502 2990 custos
1840 2956 1932 3002 405
