2151 3253
254 247 314 291 22
990 258 1188 289 VERGIL.

254 375 571 436 Bellatorque
595 374 762 419 animo
786 374 906 419 deus
927 374 1117 418 incidit.

251 452 515 497 Pandarus
538 456 595 495 ut
620 451 729 495 fuso
752 466 1047 512 germanum
1071 465 1272 510 corpore
1295 449 1453 495 cernit

251 528 320 573 Et
344 544 440 588 quo
465 527 528 573 sit
552 527 758 572 fortuna
782 527 899 584 1000,
926 526 1010 587 qui
1034 542 1175 571 casus
1199 530 1320 586 agat
1343 541 1436 583 res,

249 604 457 649 Portam
481 603 532 647 vi
556 619 741 664 magna
767 618 999 648 converso
1022 601 1222 647 cardine
1244 607 1462 664 torquet,

248 680 470 725 Obnixus
495 679 611 724 latis
636 679 833 735 umeris,
860 679 1138 739 multosque
1163 694 1367 723 suorum

248 756 510 802 Moenibus
535 756 752 802 exclusos
776 756 898 801 duro
922 756 977 801 in
1001 747 1274 801 certamine
1297 756 1483 817 linquit
1503 772 1516 814 3

245 835 344 879 Ast
368 833 488 878 alios
513 849 676 878 50011111
700 833 912 878 includit
936 833 1210 894 recipitque
1235 833 1444 890 ruentis,

245 910 476 967 Demens,
502 909 588 969 qui
613 909 863 954 Rutulum
886 909 940 954 in
964 908 1123 954 medio
1147 924 1248 954 non
1272 909 1471 969 agmine
1495 924 1662 969 regem

243 986 442 1031 Viderit
465 987 837 1047 inrumpentem
860 986 1092 1046 ultroque
1115 986 1371 1031 incluserit
1396 986 1524 1043 urbi,

242 1064 522 1108 Immanem
545 1063 702 1109 veluti
726 1079 901 1124 pecora
924 1064 1057 1108 inter
1080 1063 1263 1109 inertia
1287 1063 1473 1124 tigrim.

244 1140 492 1186 Continuo
515 1157 643 1185 nova
665 1141 754 1185 lux
778 1140 929 1186 0011115
953 1140 1150 1196 effulsit,
1177 1144 1228 1185 et
1252 1156 1396 1184 arma

242 1217 564 1262 Horrendum
590 1233 795 1263 sonuere
813 1236 826 1271 3
862 1222 1089 1262 tremunt
1112 1218 1166 1261 in
1189 1217 1376 1262 vertice
1400 1217 1579 1262 cristae

241 1293 570 1354 Sanguineae,
596 1295 847 1355 clipeoque
871 1293 1108 1338 micantia
1134 1293 1349 1339 fulmina
1374 1293 1546 1338 mittit.

240 1370 567 1431 Adgnoscunt
592 1370 769 1416 faciem
792 1371 1005 1416 invisam
1031 1375 1181 1431 atque
1205 1371 1446 1415 immania
1472 1371 1696 1416 membra

240 1447 450 1492 Turbati
473 1448 638 1493 subito
661 1448 939 1494 Aeneadae.
1012 1449 1139 1493 Tum
1164 1448 1424 1494 Pandarus
1446 1449 1623 1509 ingens

239 1526 433 1570 Emicat
459 1530 509 1570 et
534 1526 708 1571 mortis
731 1525 988 1572 fraternae
1013 1525 1232 1570 fervidus
1256 1526 1332 1570 ira

238 1602 440 1647 Effatur
460 1620 468 1648 :
506 1603 624 1648 Non
648 1603 768 1648 haec
794 1603 973 1648 dotalis
996 1604 1133 1664 regia
1157 1604 1377 1648 Amatae
1399 1620 1407 1648 :

236 1678 342 1724 Nec
367 1679 522 1725 muris
545 1680 740 1725 cohibet
763 1681 943 1741 patriis
967 1680 1128 1725 media
1151 1680 1322 1726 Ardea
1346 1681 1585 1725 Turnum.

237 1755 413 1801 Castra
438 1756 638 1801 inimica
660 1755 796 1801 vides
824 1774 832 1802 ε
870 1757 1009 1802 nulla
1033 1757 1148 1802 111110
1172 1757 1306 1802 exire
1332 1761 1562 1818 potestas,

235 1832 333 1877 Olli
357 1833 616 1879 subridens
639 1833 807 1879 sedato
830 1839 1027 1895 pectore
1051 1834 1251 1879 Τ11111115
1271 1852 1280 1880 :

236 1909 423 1970 Incipe,
449 1910 490 1955 51
514 1927 613 1972 qua
637 1912 805 1956 animo
831 1911 1007 1969 virtUS,
1034 1916 1084 1957 et
1108 1928 1306 1958 consere
1332 1912 1563 1957 dextram
1583 1929 1596 1970 3

236 1986 335 2031 Hic
359 1987 513 2032 etiam
536 1988 800 2033 inventum
826 1988 1026 2033 Priamo
1051 1989 1279 2035 narrabis
1301 1989 1570 2035 Achillem.
1599 2038 1607 2039 ἶ

232 2063 458 2109 Dixerat.
531 2064 624 2110 Ille
648 2065 824 2110 rudem
847 2066 987 2111 nodis
1011 2071 1061 2111 et
1086 2067 1262 2111 cortice
1286 2067 1437 2112 crudo

234 2140 502 2202 Intorquet
525 2143 730 2188 summis
754 2143 968 2188 adnixus
994 2144 1182 2189 viribus
1205 2144 1403 2190 hastam
1422 2162 1430 2190 :

232 2217 481 2279 Excepere
505 2235 658 2264 aurae
676 2236 690 2277 3
728 2220 904 2266 volnus
931 2221 1168 2266 Saturnia
1195 2222 1324 2267 Iuno

232 2294 455 2339 Detorsit
480 2295 698 2353 veniens,
723 2301 995 2358 portaeque
1019 2298 1248 2358 infigitur
1272 2297 1435 2344 hasta.

229 2371 304 2414 At
328 2387 428 2416 non
453 2371 541 2416 hoc
566 2372 735 2429 telum,
764 2387 874 2417 mea
900 2373 1030 2434 quod
1054 2373 1104 2417 vi
1128 2374 1332 2427 dextera
1357 2378 1539 2431 versat,

230 2446 471 2507 Effugies3
509 2464 667 2509 neque
692 2449 825 2494 em‘m
848 2450 890 2495 is
913 2450 1001 2495 teli
1025 2466 1114 2496 nec
1138 2451 1352 2497 volneris
1377 2456 1564 2497 auctor.

231 2523 309 2569 Sic
333 2524 405 2569 ait
429 2530 479 2570 et
503 2526 759 2571 sublatum
783 2527 881 2571 alte
906 2528 1162 2588 consurgit
1187 2529 1241 2573 in
1266 2544 1434 2574 ensem

228 2599 297 2645 Et
321 2601 533 2645 mediam
556 2600 688 2647 ferro
713 2603 909 2663 gemina
935 2604 1067 2649 inter
1091 2610 1316 2666 tempora
1341 2605 1559 2651 frontem

228 2677 420 2722 Dividit
444 2678 739 2740 inpubisque
762 2681 968 2725 immani
993 2681 1190 2727 volnere
1216 2683 1383 2729 malas.

228 2756 308 2800 Fit
333 2772 495 2815 sonus,
521 2757 715 2819 ingenti
740 2776 973 2806 concussa
998 2766 1073 2806 est
1096 2762 1311 2823 pondere
1334 2764 1512 2809 tellus:

226 2833 493 2894 Conlapsos
516 2840 657 2880 artus
681 2841 832 2897 atque
857 2854 996 2882 arma
1024 2845 1233 2885 cruenta
1261 2842 1459 2886 cerebro

227 2909 419 2955 Sternit
443 2910 583 2956 humi
608 2914 837 2971 moriens,
863 2919 1014 2975 atque
1037 2916 1110 2960 illi
1134 2918 1364 2976 partibus
1389 2921 1559 2980 aequis

225 2986 341 3031 Huc
367 2992 519 3048 caput
544 2994 697 3050 atque
720 2990 837 3036 111110
864 3008 1033 3038 11111010
1058 3008 1119 3038 ex
1145 2998 1356 3055 utroque
1380 2997 1629 3057 pependit.

1823 692 1914 739 725

1819 1078 1914 1122 730

1819 1463 1908 1509 735

1817 1849 1910 1893 740

1814 2236 1902 2282 745

1801 2620 1895 2667 750
