2151 3253
943 220 1130 251 AENEID
1167 220 1232 250 ix.
1858 208 1917 252 23

259 337 543 398 Diffugiunt
567 336 695 382 versi
718 336 912 396 trepida
938 334 1200 381 formidine
1223 335 1370 380 Troes
1392 353 1400 381 z

258 412 326 457 Et
350 413 391 457 si
413 413 647 458 continuo
670 413 906 457 victorem
930 427 988 457 ea
1013 427 1132 456 cura
1158 411 1380 468 subisset,

255 488 508 549 Rumpere
531 489 750 533 claustra
776 504 929 533 manu
953 488 1199 548 sociosque
1223 487 1477 532 inmittere
1503 488 1670 548 portis,

255 565 480 612 Ultimus
503 565 584 611 ille
608 565 708 610 dies
732 565 858 610 bello
883 565 1117 626 gentique
1142 564 1317 609 fuisset
1339 581 1351 622 3

254 642 348 688 Sed
371 636 510 688 furor
535 643 792 688 ardentem
816 641 1072 703 caedisque
1095 641 1273 686 insana
1305 641 1480 701 cupido
1822 646 1914 702 760

253 718 371 779 Egit
394 719 448 764 in
472 719 712 765 adversos.

250 798 500 859 Principio
525 798 777 844 Phalerim
801 803 850 843 et
875 798 1056 843 succiso
1080 797 1265 857 poplite
1291 796 1466 857 Gygen

249 877 447 938 Excipit
465 895 478 936 3
515 878 629 923 hinc
652 882 822 939 raptas
846 877 1152 938 fugientibus
1176 877 1360 937 ingerit
1386 877 1558 922 hastas

249 955 314 1000 In
337 959 537 1015 tergum
553 972 565 1013 3
603 955 732 1000 Iuno
755 954 873 999 viris
897 954 1219 1013 animumque
1243 954 1500 998 ministrat
1519 970 1532 1011 3

248 1031 408 1077 Addit
433 1032 619 1093 Halym
644 1032 872 1076 comitem
896 1036 945 1076 et
971 1031 1162 1075 confixa
1188 1030 1386 1091 Phegea
1411 1046 1597 1090 parma,
1819 1036 1907 1094 765

248 1109 459 1169 Ignaros
483 1108 655 1154 deinde
679 1109 731 1154 in
756 1109 910 1153 muris
937 1107 1256 1168 Martemque
1281 1107 1460 1152 cientis

244 1185 652 1246 Alcandrumque
677 1185 982 1245 Haliumque
1007 1184 1361 1244 Noemonaque
1387 1184 1762 1246 Prytanimque.

247 1263 444 1323 Lyncea
467 1262 755 1308 tendentem
779 1267 952 1308 contra
978 1261 1223 1321 sociosque
1250 1264 1504 1305 vocantem

244 1338 483 1383 Vibranti
506 1338 670 1400 gladio
693 1339 895 1383 conixus
919 1339 981 1383 ab
1007 1352 1183 1397 aggere
1209 1337 1380 1382 dexter

242 1415 463 1476 Occupat
483 1432 496 1473 3
531 1415 644 1460 huic
668 1431 766 1459 uno
792 1415 1039 1460 desectum
1075 1413 1347 1459 comminus
1371 1413 1474 1458 ictu
1815 1430 1908 1475 770

243 1492 369 1537 Cum
391 1492 533 1552 galea
557 1491 700 1552 longe
724 1492 878 1536 iacuit
901 1495 1080 1550 caput3
1117 1490 1233 1535 inde
1258 1490 1483 1534 ferarum

241 1569 564 1614 Vastatorem
587 1569 851 1629 Amycum,
875 1584 970 1629 quo
995 1584 1095 1612 non
1119 1567 1306 1611 felicior
1331 1567 1462 1612 alter

240 1645 444 1706 Ungere
468 1646 567 1690 tela
592 1661 745 1689 manu
769 1643 1056 1704 ferrumque
1082 1659 1278 1688 armare
1303 1659 1504 1699 veneno,

239 1723 307 1767 Et
333 1722 553 1782 Clytium
578 1721 821 1767 Aeoliden
846 1726 896 1766 et
921 1721 1137 1765 amicum
1163 1720 1375 1765 Crethea
1401 1719 1575 1776 Musis,

212 1787 216 1790 ⁵
240 1798 452 1844 Crethea
477 1797 742 1843 Musarum
766 1797 1007 1852 comitem,
1034 1797 1113 1841 cui
1136 1797 1361 1841 carmina
1385 1811 1576 1856 semper
1810 1813 1898 1860 775

237 1875 305 1920 Et
328 1874 551 1920 citharae
576 1874 707 1919 cordi
731 1888 1058 1933 numerosque
1082 1872 1340 1918 intendere
1366 1873 1532 1917 nervis
1555 1889 1563 1917 :

238 1951 441 2013 Semper
464 1967 612 2012 equos
637 1955 788 2012 atque
813 1965 952 1995 arma
977 1950 1140 1994 Virum
1164 1965 1454 2010 pugnasque
1480 1949 1701 1994 canebat.

303 2025 524 2071 Tandem
548 2025 772 2070 ductores
797 2025 970 2070 audita
996 2024 1142 2069 caede
1167 2039 1369 2069 suorum

236 2103 763 2159 Conveniunt‘Teucri,
791 2101 1085 2147 Mnestheus
1109 2117 1317 2162 acerque
1344 2103 1580 2159 Serestus,

234 2180 559 2240 Palantisque
583 2179 753 2224 vident
778 2179 928 2224 socios
951 2179 1240 2239 hostemque
1264 2183 1531 2238 receptum.
1808 2183 1900 2240 780

234 2257 303 2302 Et
328 2256 649 2302 Mnestheus:
677 2255 784 2311 Quo
811 2255 986 2300 deinde
1006 2255 1194 2316 fugam,
1223 2271 1319 2315 quo
1343 2254 1581 2300 tenditis?
1616 2254 1795 2316 inquit.

234 2333 365 2389 Quos
388 2332 509 2378 alios
532 2348 711 2389 muros,
739 2347 866 2392 quae
888 2331 987 2376 iam
1010 2332 1147 2375 ultra
1173 2331 1364 2375 moenia
1383 2330 1577 2375 habetis
1596 2333 1612 2376 2

234 2413 382 2459 Unus
405 2411 550 2457 homo
574 2415 624 2456 et
649 2410 839 2467 vestriS,
865 2427 892 2455 o
916 2410 1057 2467 cives,
1084 2409 1300 2469 undique
1327 2413 1527 2469 saeptus

233 2489 514 2550 Aggeribus
537 2492 710 2533 tantas
729 2492 922 2549 strages
946 2489 1133 2548 inpune
1157 2502 1245 2547 per
1270 2487 1443 2531 urbem

232 2566 490 2611 EdjderitCt
524 2565 764 2610 iuvenum
788 2565 971 2625 primos
995 2570 1072 2609 tot
1097 2563 1286 2608 miserit
1313 2562 1470 2608 Orco?
1803 2567 1891 2625 785

230 2642 348 2688 Non
371 2641 580 2687 infelicis
604 2641 795 2702 patriae
820 2645 1140 2701 veterumque
1164 2639 1363 2684 deorum

231 2719 299 2763 Et
324 2717 493 2778 magni
516 2718 734 2774 Aeneae,
761 2732 946 2777 segnes,
974 2717 1271 2776 miseretque
1296 2715 1577 2775 pudetque?

229 2798 432 2843 Talibus
456 2797 648 2842 accensi
671 2796 938 2840 firmantur
962 2800 1011 2840 et
1037 2795 1234 2856 agmine
1259 2794 1407 2839 denso

229 2874 537 2920 Consistunt.
607 2872 806 2918 Turnus
830 2872 1089 2933 paullatim
1115 2871 1348 2916 excedere
1373 2886 1544 2932 pugna

229 2950 297 2996 Et
323 2949 529 2995 fluvium
552 2954 720 3010 petere
746 2965 803 2994 ac
826 2954 1036 3009 partem,
1064 2963 1190 3008 quae
1215 2947 1434 3008 cingitur
1458 2946 1590 2991 unda
1611 2963 1624 3004 3
1798 2961 1891 3008 790
