2151 3253
258 194 321 239 20
985 203 1187 235 VERGIL.

254 324 320 369 Et
344 322 492 369 crinis
516 322 650 367 albos
670 325 720 366 et
745 335 893 365 saeva
917 319 1173 364 sonoribus
1198 334 1359 374 arma,

249 401 420 460 Atque
444 398 521 444 his
545 398 806 442 ardentem
831 395 975 441 dictis
999 395 1205 440 adfatur
1230 394 1401 439 Iulum
1425 413 1433 441 :

251 476 328 521 Sit
352 475 484 532 satis,
510 473 720 530 Aenide,
746 473 858 518 telis
883 472 1070 533 inpune
1095 471 1390 516 Numanum

251 551 527 613 Oppetiisse
551 550 652 595 tuis
672 567 684 608 3
722 549 934 610 primam
959 548 1089 593 hanc
1113 547 1207 593 tibi
1232 563 1441 607 magnus
1465 546 1647 607 Apollo

247 628 481 674 Concedit
504 627 703 672 laudem
728 631 778 671 et
802 625 1006 687 paribus
1031 641 1132 670 non
1156 624 1346 669 invidet
1371 623 1549 669 armis:

249 705 425 750 Cetera
451 720 614 766 parce,
645 718 784 764 puer,
811 702 955 748 bello.
1030 700 1108 746 Sic
1133 717 1271 746 orsus
1295 701 1476 762 Apollo

246 780 477 826 Mortalis
501 779 659 825 medio
684 782 910 840 aspectus
934 793 1157 823 sermone
1180 776 1398 838 reliquit,

246 857 314 903 Et
339 857 506 919 procul
531 857 581 901 in
608 861 810 901 tenuem
835 871 896 901 ex
921 854 1071 900 oculis
1094 854 1302 899 evanuit
1326 869 1517 899 auram.

241 935 542 996 Adgnovere
568 933 715 978 deum
740 947 964 993 proceres
989 930 1257 992 divinaque
1281 930 1383 976 tela

241 1010 577 1068 Dardanidae,
603 1009 993 1071 pharetramque
1011 1007 1133 1069 fuga
1159 1022 1353 1052 sensere
1377 1011 1657 1053 sonantem.

241 1089 374 1150 Ergo
399 1089 602 1134 avidum
627 1103 823 1148 pugnae
848 1086 991 1132 dictis
1016 1101 1074 1131 ac
1098 1085 1303 1131 numine
1329 1085 1515 1130 Phoebi

238 1165 516 1211 Ascanium
540 1163 805 1226 prohibent
830 1180 842 1222 3
880 1163 974 1224 ipsi
998 1163 1050 1208 in
1075 1162 1348 1208 certamina
1372 1177 1545 1207 rursus

239 1242 519 1289 Succedunt
543 1242 834 1302 animasque
859 1242 911 1285 in
936 1245 1109 1302 aperta
1133 1239 1353 1300 pericula
1378 1238 1606 1286 mittunt.

238 1319 291 1364 It
315 1319 501 1364 clamor
524 1318 644 1363 totis
668 1333 755 1379 per
779 1316 1153 1379 propugnacula
1178 1315 1348 1373 muris,

236 1395 522 1441 Intendunt
546 1395 673 1440 acris
697 1410 840 1439 arcus
864 1397 1217 1454 ammentaque
1241 1396 1492 1453 torquent.

236 1473 491 1519 Sternitur
515 1488 660 1518 omne
684 1472 842 1517 solum
867 1472 993 1529 teliS,
1020 1475 1131 1517 tum
1155 1474 1296 1516 scuta
1321 1485 1571 1530 cavaeque

235 1551 376 1596 Dant
401 1549 620 1596 sonitum
644 1549 781 1595 flictu
805 1550 990 1611 galeae,
1016 1565 1187 1610 pugna
1211 1564 1383 1610 aspera
1407 1547 1596 1609 surgit:

234 1627 466 1683 Quantus
490 1627 553 1672 ab
576 1642 749 1672 occasu
774 1627 977 1671 veniens
1002 1625 1304 1687 pluvialibus
1329 1624 1520 1670 Haedis

234 1702 481 1749 Verberat
504 1702 663 1747 imber
687 1701 912 1759 humum,
940 1718 1091 1763 quam
1116 1701 1278 1746 multa
1305 1700 1550 1762 grandine
1574 1700 1732 1745 nimbi

231 1779 298 1824 In
322 1779 451 1824 vada
476 1778 825 1840 praecipitant,
853 1794 965 1823 cum
991 1778 1224 1839 Iuppiter
1249 1777 1480 1823 horridus
1505 1777 1709 1822 Austris

232 1856 449 1917 Torquet
472 1871 709 1916 aquosam
733 1854 946 1900 hiemem
970 1860 1020 1900 et
1045 1855 1179 1900 caelo
1205 1870 1327 1899 cava
1352 1853 1525 1899 nubila
1550 1853 1753 1914 rumpit.

297 1932 558 1977 Pandarus
583 1936 633 1977 et
658 1931 833 1990 Bitias,
861 1932 1014 1977 Idaeo
1038 1931 1286 1976 Alcanore
1309 1930 1447 1988 creti,

228 2009 360 2065 Quos
384 2008 517 2054 Iovis
540 2008 715 2054 eduxit
738 2008 848 2054 luco
872 2008 1110 2053 silvestris
1135 2009 1284 2053 Iaera

227 2086 495 2131 Abietibus
519 2086 722 2131 iuvenes
745 2086 925 2146 patriis
951 2089 1001 2131 et
1026 2085 1278 2131 montibus
1303 2100 1499 2146 aequos,

226 2163 448 2220 Portam,
475 2178 602 2223 quae
627 2162 762 2208 ducis
786 2163 993 2223 imperio
1017 2162 1291 2219 commissa,
1317 2161 1598 2218 recludunt,

226 2241 365 2285 Freti
389 2240 555 2297 armis,
582 2240 812 2301 ultroque
835 2240 1059 2285 invitant
1084 2240 1340 2285 moenibus
1364 2239 1569 2284 hostem.

224 2316 329 2377 Ipsi
352 2316 490 2361 intus
514 2316 689 2361 dextra
716 2333 772 2361 ac
796 2317 939 2361 laeva
963 2332 1053 2377 pro
1076 2316 1302 2361 turribus
1326 2316 1545 2372 adstant,

224 2394 430 2438 Armati
455 2392 587 2438 ferro
613 2398 662 2438 et
688 2393 849 2438 cristis
875 2394 1041 2454 capita
1067 2392 1172 2438 alta
1198 2390 1383 2438 corusci
1406 2410 1414 2438 ε

224 2469 406 2524 Quales
431 2469 595 2515 aeriae
618 2469 862 2530 liquentia
887 2469 1094 2515 fiumina
1118 2470 1315 2526 circum,

227 2545 338 2591 Sive
362 2545 488 2591 Padi
512 2545 645 2607 ripis,
672 2545 904 2591 Athesim
929 2561 1014 2591 seu
1038 2551 1241 2607 propter
1265 2561 1542 2603 amoenum,

223 2623 545 2683 Consurgunt
570 2621 796 2683 geminae
820 2638 1030 2683 quercus
1053 2622 1351 2684 intonsaque
1377 2623 1508 2668 caelo

229 2699 483 2744 Attollunt
508 2698 670 2759 capita
695 2704 746 2744 et
770 2699 970 2744 sublimi
994 2699 1177 2745 vertice
1201 2703 1402 2745 nutant.

219 2777 530 2836 1nrumpunt
554 2775 719 2821 aditus
745 2775 926 2820 Rutuli
950 2780 1007 2820 ut
1031 2776 1197 2821 videre
1221 2776 1454 2837 patentis.

220 2852 467 2898 Continuo
492 2852 739 2908 Quercens
763 2857 814 2897 et
838 2852 1042 2913 pulcher
1065 2852 1345 2914 Aquiculus
1369 2852 1522 2897 armis

218 2928 287 2973 Et
310 2944 543 2990 praeceps
568 2928 724 2974 animi
749 2929 960 2974 Tmarus
984 2934 1034 2974 et
1061 2929 1346 2975 Mavortius
1371 2929 1603 2975 Haemon

1822 1010 1917 1054 660

1817 1395 1908 1454 665

1799 2550 1894 2593 680

1791 2933 1885 2991 685
