2151 3253
942 207 1129 239 AENEID
1165 208 1233 239 lx.

230 324 437 370 Cratera
462 324 737 385 antiquom,
763 339 907 385 quem
933 323 1019 368 dat
1047 322 1244 368 Sidonia
1271 321 1412 367 Dido.

230 399 282 445 Si
305 416 420 446 vero
443 416 616 461 capere
641 400 848 445 Italiam
873 399 1172 460 sceptrisque
1195 398 1344 459 potiri

228 476 504 538 Contigerit
526 477 701 522 victori
724 483 773 522 et
798 476 1008 537 praedae
1032 475 1189 520 dicere
1214 480 1409 530 sortem,

226 553 414 598 Vidisti
437 569 533 615 quo
558 554 757 599 Turnus
782 569 923 613 equo,
951 553 1130 614 quibus
1153 552 1261 597 ibat
1286 552 1339 596 in
1364 550 1516 595 armis

225 630 424 676 Aureus
446 649 454 677 ε
491 631 654 692 ipsum
679 631 833 687 illum,
861 630 1072 690 clipeum
1097 629 1368 689 cristasque
1392 627 1621 672 rubentis

227 707 483 768 Excipiam
508 708 643 764 sorti,
670 708 771 752 iam
797 723 928 751 nunc
955 712 1044 752 tua
1070 705 1306 767 praemia,
1334 704 1379 749 N
1388 704 1468 750 ise.

225 783 492 829 Praeterea
516 784 590 829 bis
615 799 700 829 sex
724 783 919 844 genitor
944 782 1206 828 lectissima
1236 786 1456 827 matrum

225 858 442 921 Corpora
466 860 781 921 captivosque
807 859 960 915 dabit,
988 874 1174 919 suaque
1199 857 1427 903 omnibus
1452 872 1589 901 arma
1613 874 1620 902 :

157 937 436 1006 —AE-isuper
458 937 549 994 his,
575 936 736 997 campi
763 936 893 997 quod
916 951 1004 981 rex
1023 935 1175 980 habet
1200 935 1303 995 ipse
1331 934 1555 979 Latinus.

222 1012 290 1058 Te
314 1028 441 1069 vero,
467 1028 576 1058 mea
602 1028 748 1074 quem
773 1012 946 1073 spatiis
970 1011 1279 1073 propioribus
1304 1016 1443 1056 aetas

222 1089 527 1150 Insequitur,
554 1088 833 1135 venerande
858 1104 994 1149 puer,
1021 1088 1122 1132 iam
1147 1092 1341 1148 pectore
1366 1092 1472 1131 toto

220 1165 424 1226 Accipio
449 1171 499 1211 et
524 1166 755 1212 comitem
780 1182 924 1211 casus
948 1165 1242 1226 complector
1265 1164 1318 1209 in
1344 1164 1515 1209 omnis.

220 1242 377 1288 Nulla
401 1244 522 1289 meis
545 1244 650 1289 sine
674 1248 724 1288 te
749 1248 1018 1304 quaeretur
1042 1241 1369 1303 gloria'rebus
1390 1258 1402 1299 ,-

222 1320 318 1366 Seu
341 1336 513 1381 pacem
537 1336 622 1366 seu
646 1320 773 1366 bella
799 1335 985 1381 geram,
1011 1319 1104 1365 tibi
1130 1319 1345 1364 maxima
1371 1333 1538 1364 rerum

219 1396 598 1459 Verborumque
622 1397 754 1442 fides.
828 1396 1013 1442 Contra
1040 1412 1186 1457 quem
1210 1395 1333 1440 talia
1359 1393 1499 1440 fatur

220 1473 498 1535 Euryalus:
538 1474 623 1520 Me
647 1473 786 1519 nulla
813 1473 913 1518 dies
936 1479 1043 1519 tam
1068 1473 1281 1518 fortibus
1306 1473 1438 1517 ausis

220 1550 522 1596 Dissimilem
545 1550 797 1612 arguerit:
834 1554 1038 1595 tantum
1062 1549 1267 1595 fortuna
1293 1548 1522 1605 secunda,

220 1625 375 1672 Haud
400 1626 608 1673 adversa
633 1627 791 1672 cadat.
867 1625 960 1672 Sed
984 1630 1036 1672 te
1061 1642 1208 1687 super
1232 1626 1395 1671 omnia
1422 1625 1545 1670 dona

217 1704 395 1750 Unum
418 1720 500 1749 oro
522 1722 530 1751 ε
569 1703 795 1765 genetrix
820 1703 1010 1748 Priami
1034 1703 1092 1749 de
1117 1708 1264 1764 gente
1288 1706 1488 1748 vetusta

219 1780 312 1826 Est
336 1780 473 1838 mihi,
501 1796 653 1842 quam
677 1780 907 1826 miseram
931 1780 1096 1825 tenuit
1121 1796 1220 1825 non
1246 1780 1343 1825 ilia
1371 1779 1520 1824 tellus

219 1858 419 1903 Mecum
443 1857 772 1915 excedentem,
798 1873 898 1902 non
923 1858 1115 1903 moenia
1140 1857 1269 1918 regis
1292 1857 1520 1903 Acestae.

218 1935 368 1980 Hanc
392 1951 480 1996 ego
505 1951 637 1980 nunc
661 1935 891 1995 ignaram
915 1934 1063 1979 huius
1088 1935 1430 1996 quodcumque
1454 1934 1623 1995 pericli
1648 1939 1721 1979 est

217 2011 379 2073 Inque
402 2012 675 2058 salutatam
699 2012 870 2074 linquo
891 2030 898 2058 :
935 2028 1036 2057 nox
1060 2018 1109 2057 et
1133 2018 1223 2057 tua
1250 2012 1391 2057 testis

218 2088 456 2146 Dextera,
483 2088 613 2149 quod
637 2104 880 2149 nequeam
904 2088 1134 2134 lacrimas
1158 2087 1376 2149 perferre
1400 2088 1637 2149 parentis.

215 2165 292 2209 At
316 2169 389 2222 tn,
416 2180 514 2222 oro,
541 2165 699 2210 solare
723 2165 921 2225 inopem
946 2171 995 2210 et
1021 2181 1247 2211 succurre
1275 2165 1492 2210 relictae.

217 2242 367 2287 Hanc
392 2242 498 2287 sine
522 2258 600 2288 me
625 2258 762 2303 spem
785 2242 916 2287 ferre
940 2243 1017 2288 tui
1039 2261 1047 2289 ε
1086 2242 1349 2287 audentior
1372 2242 1452 2287 ibo

217 2318 282 2363 In
305 2333 447 2363 casus
470 2318 641 2364 omnis.
715 2319 951 2364 Percussa
976 2324 1141 2364 mente
1167 2319 1339 2365 dedere

216 2393 538 2440 Dardamdae
561 2395 793 2440 lacrima-s
812 2412 825 2454 3
863 2400 982 2441 ante
1007 2396 1165 2441 omnis
1189 2395 1394 2457 pulcher
1419 2395 1580 2453 Iulus,

214 2471 387 2532 Atque
410 2471 636 2516 animum
659 2472 855 2532 patriae
880 2473 1084 2519 strinxit
1109 2473 1312 2534 pietatis
1336 2473 1512 2534 imago.

214 2548 342 2594 Tum
365 2548 432 2594 sic
455 2549 637 2594 effatur
659 2567 667 2595 :

218 2624 411 2685 Sponde
436 2625 586 2686 digna
611 2625 712 2671 tuis
736 2626 1023 2687 ingentibus
1047 2627 1212 2672 omnia
1238 2627 1434 2688 coeptis.

215 2701 448 2762 Namque
471 2702 566 2747 erit
590 2704 688 2748 ista
714 2703 838 2748 mihi
864 2705 1105 2765 genetrix,
1132 2720 1409 2765 nomenque
1437 2703 1650 2749 Creusae

217 2778 385 2824 Solum
410 2778 638 2836 defuerit,
665 2796 755 2825 nec
779 2786 984 2841 partum
1008 2782 1175 2842 gratia
1200 2782 1355 2827 talem

214 2854 379 2900 Parva
404 2860 587 2902 manet.
660 2857 814 2903 Casus
839 2857 1031 2903 factum
1058 2859 1354 2920 quicumque
1379 2865 1661 2919 sequentur.

213 2931 310 2976 Per
333 2937 484 2993 caput
508 2932 597 2977 hoc
622 2933 744 2989 iuro,
770 2949 858 2994 per
882 2934 1010 2994 quod
1035 2942 1179 2995 pater
1203 2940 1322 2980 ante
1347 2935 1534 2980 solebat
1554 2953 1561 2980 :

1797 1026 1884 1072 275

1795 1397 1887 1441 280

1794 1783 1881 1841 285

1793 2182 1885 2227 290

1790 2566 1877 2612 295

1783 2951 1878 2995 300
