2151 3253
981 211 1167 243 AENEID
1204 211 1270 242 IX.

270 329 342 374 At
366 345 465 375 non
489 328 664 374 audaci
688 329 854 374 Turno
879 327 1056 373 fiducia
1080 327 1222 372 cessit
1242 344 1254 384 3

268 405 420 451 Ultro
443 405 632 451 animos
655 405 787 451 tollit
811 405 952 450 dictis
976 409 1125 464 atque
1151 403 1377 464 increpat
1402 404 1534 449 ultro
1557 422 1565 450 z

267 481 502 528 Troianos
525 482 646 528 haec
665 486 886 527 monstra
914 486 1091 542 petunt
1109 499 1121 539 3
1158 481 1235 526 his
1261 481 1490 542 Iuppiter
1516 481 1618 542 ipse

267 559 529 605 Auxilium
553 560 751 606 solitum
771 559 955 620 eripuit
976 576 988 617 3
1025 574 1124 604 non
1149 560 1250 604 tela
1276 574 1435 619 neque
1459 559 1589 619 ignis

269 635 573 696 Exspectant
599 635 826 681 Rutulos,
900 635 1033 696 Ergo
1058 636 1217 680 maria
1242 636 1377 680 invia
1402 635 1614 692 Teucris,

266 712 372 758 Nec
395 728 503 774 spes
526 713 628 759 ulla
653 713 832 774 fugae:
869 729 1036 758 ieiuni
1062 729 1178 773 pars
1197 712 1325 757 altei
1329 729 1357 756 a
1382 712 1612 773 adempta
1638 719 1742 759 est:

268 789 421 835 Terra
445 794 614 836 autem
638 790 692 835 in
716 790 898 836 nostris
923 790 1178 855 manibus,
1196 794 1272 834 tot
1298 789 1436 834 milia
1463 794 1634 850 gentes

266 858 427 911 Arma
451 858 623 937 fer-unt
650 866 713 911 It
705 864 811 915 a·l
757 882 829 912 ae.
902 866 1007 911 Nil
1007 882 1092 914 me
1117 848 1230 911 fat
1199 851 1299 911 alia
1324 871 1536 923 tenent,

268 941 320 988 Si
344 958 442 1003 qua
469 938 636 1004 Phry
612 959 691 988 o'es
716 959 835 1003 prae
860 959 909 989 se
935 944 1143 1000 iactant,
1171 956 1405 1003 respons-i
1431 942 1559 987 deor·
1555 959 1665 988 im:

269 1019 359 1065 Sat
383 1019 503 1065 fatis
530 1020 812 1082 Venerique
836 1021 1025 1077 da,tum
1051 1020 1261 1080 tetigere
1288 1019 1416 1080 quod
1441 1036 1563 1064 aria

269 1097 466 1142 Fertilis
489 1097 741 1143 Ausoniae
766 1097 926 1143 Troes.
1000 1097 1129 1143 Sunt
1155 1104 1204 1141 et
1230 1112 1338 1141 mea
1365 1101 1538 1141 contra

267 1173 396 1218 Fata
421 1172 558 1230 mihi,
583 1171 715 1218 ferro
739 1173 1030 1218 sceleratam
1055 1172 1337 1218 exscindere
1362 1177 1579 1233 gent-em,

268 1249 486 1310 Coniuge
509 1255 773 1310 praerepta
797 1267 805 1295 :
844 1266 931 1295 nec
956 1250 1081 1295 solos
1105 1249 1273 1310 tangit
1299 1249 1508 1294 Atridas

267 1326 372 1371 Iste
396 1325 546 1383 dolor,
573 1326 782 1387 solisque
807 1327 921 1371 licet
947 1342 1120 1387 capere
1146 1342 1289 1370 arma
1316 1325 1555 1386 Mycenis.

268 1405 296 1426 “
317 1401 410 1448 Sed
433 1403 632 1463 periisse
656 1403 804 1448 semel
830 1403 952 1448 satis
977 1408 1079 1456 est3
1103 1402 1122 1419 ’⁵
1160 1418 1361 1463 peccare
1386 1402 1560 1448 fuisset

267 1479 406 1524 Ante
429 1479 564 1536 satis,
590 1479 789 1540 penitus
815 1479 956 1525 modo
982 1495 1082 1524 non
1106 1495 1261 1540 genus
1286 1495 1429 1524 omne
1453 1495 1648 1540 perosos

269 1556 570 1602 Femineum.
644 1556 834 1612 Quibus
860 1557 981 1602 haec
1007 1556 1154 1601 medii
1178 1556 1356 1600 fiducia
1383 1556 1503 1601 valli

266 1633 627 1694 Fossarumque
652 1649 834 1691 morae,
866 1634 958 1679 leti
987 1633 1273 1679 discrimina
1299 1649 1470 1693 parva,

269 1711 411 1756 Dant
436 1711 642 1756 animos,
715 1712 790 1756 At
815 1728 914 1758 non
939 1712 1172 1757 viderunt
1198 1712 1391 1756 moenia
1416 1712 1590 1757 Troiae

267 1787 494 1848 Neptuni
518 1787 766 1833 fabricata
792 1804 946 1832 manu
971 1788 1218 1833 considere
1242 1788 1295 1832 in
1322 1788 1451 1847 ignis
1472 1789 1486 1833 2

267 1863 362 1909 Sed
385 1878 481 1920 VOS,
509 1879 536 1908 o
559 1863 689 1921 lecti,
715 1863 846 1909 ferro
874 1864 984 1925 quis
1008 1864 1227 1909 scindere
1251 1864 1441 1908 vallum

265 1941 512 2001 Apparat‚
539 1945 589 1985 et
614 1956 805 1986 mecum
831 1940 1026 1986 invadit
1051 1940 1357 2001 trepidantia
1383 1947 1547 1987 castra
1568 1943 1583 1986 2

266 2016 384 2062 Non
407 2016 704 2079 armisrmihi
728 2016 956 2074 Volcani,
983 2033 1083 2062 non
1107 2017 1242 2062 mille
1266 2018 1448 2063 carinis

269 2093 362 2139 Est
384 2108 504 2154 opus
527 2092 581 2138 in
605 2093 813 2139 Teucros
833 2111 841 2139 ε
880 2093 1067 2139 addant
1093 2109 1142 2138 se
1167 2095 1396 2154 protinus
1421 2110 1592 2139 omnes

270 2169 471 2216 Etrusci
494 2170 643 2215 socios
667 2188 674 2216 :
714 2170 944 2215 tenebras
970 2175 1019 2215 et
1044 2170 1226 2215 inertia
1251 2169 1390 2215 furta

270 2245 496 2303 Palladii,
522 2245 672 2291 caesis
697 2262 916 2292 summae
942 2246 1225 2291 custodibus
1251 2247 1392 2303 arcis,

270 2323 349 2369 Ne
372 2323 601 2380 timeant,
627 2338 716 2368 nec
742 2324 855 2384 equi
880 2338 1022 2368 caeca
1047 2323 1312 2369 condemur
1335 2324 1388 2369 in
1414 2325 1524 2370 alvo
1544 2343 1552 2370 :

271 2400 402 2446 Luce
426 2399 593 2461 palam
617 2405 808 2446 certum
833 2406 907 2446 est
931 2400 1037 2461 igni
1061 2400 1365 2446 circumdare
1391 2417 1574 2448 muros.

272 2476 425 2522 Haud
448 2476 540 2522 sibi
563 2492 675 2522 cum
701 2477 894 2522 Danais
918 2492 1023 2522 rem
1047 2477 1164 2522 faxo
1189 2482 1239 2522 et
1263 2478 1393 2538 pube
1418 2478 1628 2540 Pelasga

270 2554 391 2599 Esse
414 2553 597 2611 ferant,
624 2553 883 2598 decumum
908 2569 1029 2614 quos
1053 2552 1247 2599 distulit
1274 2553 1462 2599 Hector
1486 2554 1537 2599 in
1561 2570 1762 2600 annum.

271 2630 422 2675 Nunc
446 2628 581 2687 adeo,
608 2629 780 2675 melior
805 2629 1041 2690 quoniam
1065 2644 1179 2689 pars
1204 2635 1316 2674 acta
1343 2629 1452 2688 diei,

273 2705 415 2762 Quod
438 2710 677 2767 superest,
702 2706 825 2751 laeti
850 2706 975 2751 bene
999 2706 1151 2766 gestis
1175 2721 1380 2766 corpora
1407 2707 1554 2752 rebus

273 2783 561 2840 Procurate,
587 2782 695 2839 viri,
722 2787 773 2827 et
797 2797 1021 2843 pugnam
1046 2787 1239 2843 sperate
1265 2783 1448 2844 parari.

275 2860 478 2905 Interea
502 2859 710 2920 vigilum
735 2859 953 2905 excubiis
978 2859 1198 2905 obsidere
1222 2866 1391 2921 portas

277 2935 408 2981 Cura
431 2935 582 2979 datur
607 2934 833 2996 Messapo
857 2939 907 2980 et
930 2936 1122 2980 moenia
1146 2936 1339 2996 cingere
1366 2936 1576 2980 fiammis
1596 2952 1608 2993 3

1904 199 1930 244 C(

1846 653 1935 696 130

1849 1037 1936 1084 135

1838 1422 1927 1464 140

1852 1803 1938 1851 145

1843 2569 1929 2616 155

1848 2940 1938 2983 160
