2151 3253
889 266 1077 297 AENEII)
1116 268 1182 299 IX.

202 381 431 428 Maeonio
455 381 559 442 regi
583 398 729 442 quem
754 398 893 427 serva
920 383 1175 443 Licymnia
1200 383 1377 430 furtim

201 458 479 504 Sustulerat
503 458 769 519 vetitisque
793 459 857 504 ad
881 460 1077 504 Troiam
1103 460 1303 506 miserat
1328 462 1492 518 armis,

199 535 330 580 Ense
354 535 475 579 levis
499 535 628 580 nudo
653 551 924 596 parmaque
948 536 1187 597 inglorius
1212 538 1338 584 alba.

199 613 346 673 Isque
371 612 455 657 ubi
480 628 530 657 56
554 613 710 657 Turni
736 613 896 657 media
921 613 1054 658 inter
1079 615 1213 658 milia
1239 615 1376 673 vidit,

196 690 332 735 Hinc
356 690 482 735 acies
506 695 657 750 atque
682 690 796 734 111116
821 690 948 735 acies
972 691 1167 736 adstare
1194 692 1401 738 Latinas
1425 711 1432 739 :

196 765 273 812 Ut
296 764 418 822 fera,
444 781 568 826 quae
593 765 745 810 densa
771 772 1047 812 venantum
1070 773 1243 828 saepta
1267 785 1446 814 corona

196 842 385 889 Contra
410 842 509 887 tela
533 842 658 887 furit
684 858 882 904 seseque
907 843 1040 888 haud
1066 844 1227 889 nescia
1254 846 1403 891 morti

194 918 346 964 Inicit
368 924 418 965 et
442 919 573 965 saltu
597 935 747 980 supra
771 921 1019 966 venabula
1044 920 1208 967 fertur
1225 940 1238 981 3

195 995 350 1041 Haud
374 996 519 1041 aliter
542 995 733 1041 iuvenis
758 997 942 1042 medios
969 998 1236 1043 moriturus
1260 998 1311 1043 in
1337 999 1489 1045 hostis

195 1072 368 1117 Inruit
392 1077 455 1129 et,
483 1088 580 1133 qua
607 1073 706 1118 tela
730 1073 864 1118 videt
889 1073 1191 1132 densissima,
1218 1076 1391 1122 tendit.

192 1149 266 1194 At
291 1148 494 1209 pedibus
517 1149 661 1210 longe
686 1149 857 1194 melior
883 1150 1043 1210 Lycus
1066 1151 1198 1196 inter
1222 1158 1271 1197 et
1296 1152 1450 1198 hostis

193 1225 337 1270 Inter
361 1229 410 1269 et
435 1241 575 1269 arma
601 1225 720 1286 fuga
746 1241 912 1270 muros
936 1231 1074 1271 tenet
1099 1227 1299 1288 altaque
1324 1235 1486 1275 certat

192 1301 438 1347 Prendere
462 1307 596 1347 tecta
621 1318 772 1347 manu
797 1305 1076 1365 sociumque
1101 1289 1350 1366 attingere
1376 1306 1586 1354 dextras.

190 1379 346 1434 Quem
371 1379 582 1436 Turnus,
607 1379 797 1440 pariter
821 1396 968 1425 cursu
993 1381 1186 1441 teloque
1211 1388 1420 1441 secutus,

189 1455 423 1515 Increpat
448 1455 524 1501 1115
548 1455 730 1502 victor:
769 1456 820 1500 N
823 1462 1046 1502 ostrasne
1079 1458 1300 1516 evadere,
1329 1459 1542 1518 demens,

191 1531 410 1593 Sperasti
434 1536 485 1577 te
509 1547 648 1593 posse
671 1549 848 1578 manus
868 1536 883 1579 'Z
920 1533 1066 1578 51111111
1091 1534 1268 1594 arripit
1292 1535 1455 1595 ipsum

187 1607 492 1652 Pendentem
517 1613 566 1653 et
591 1623 773 1669 magna
798 1610 928 1653 muri
953 1625 1065 1654 611111
1089 1615 1233 1671 parte
1257 1612 1463 1658 revellit.

186 1684 357 1740 Qualis
381 1684 465 1729 ubi
490 1689 580 1729 aut
604 1685 820 1745 leporem
853 1691 942 1731 aut
966 1687 1198 1732 candenti
1223 1704 1421 1749 corpore
1445 1706 1653 1751 cycnum

188 1761 400 1807 Sustulit
424 1761 529 1806 alta
553 1765 726 1822 petens
750 1762 957 1822 pedibus
982 1764 1114 1808 Iovis
1138 1765 1354 1826 armiger
1379 1767 1531 1824 uncis,

187 1836 475 1893 Quaesitum
499 1842 589 1882 aut
614 1838 763 1882 matri
789 1838 958 1884 multis
983 1839 1232 1885 balatibus
1257 1857 1444 1902 agnum

188 1912 406 1958 Martius
430 1929 460 1958 6
484 1913 693 1958 stabuh‘s
716 1915 886 1974 rapuit
910 1915 1070 1976 lupus.
1142 1916 1378 1978 Undique
1402 1918 1587 1964 clamor

186 1988 398 2034 Tollitur
418 2005 426 2034 :
463 1989 711 2034 invadunt
736 1994 786 2035 et
810 1989 965 2036 fossas
988 2007 1165 2052 aggere
1189 1993 1435 2054 complent
1453 2011 1466 2052 ,·

183 2066 426 2113 Ardentis
449 2066 622 2113 taedas
646 2067 732 2111 alii
755 2067 819 2112 ad
843 2066 1046 2129 fastigia
1070 2069 1277 2115 iactant.

185 2143 402 2189 Ilioneus
426 2158 543 2187 saxo
567 2147 716 2203 atque
740 2143 932 2204 ingenti
956 2144 1201 2205 fragmine
1226 2147 1408 2192 montis

183 2220 444 2265 Lucetium
467 2223 640 2279 portae
665 2220 958 2265 subeuntem
981 2221 1208 2282 ignisque
1233 2220 1491 2282 ferentem,

185 2296 484 2342 Emathiona
510 2296 670 2357 Liger,
698 2297 1006 2357 Corynaeum
1031 2298 1211 2343 sternit
1233 2299 1415 2358 Asilas,

186 2373 286 2418 Hic
308 2372 469 2417 iaculo
493 2373 663 2430 bonus,
690 2373 768 2418 1116
792 2373 936 2434 101186
960 2373 1164 2420 fallente
1188 2377 1375 2436 sagitta
1392 2393 1404 2433 3

185 2449 450 2510 Ortygium
475 2449 710 2507 Caeneus,
735 2449 972 2495 victorem
998 2450 1191 2496 Caenea
1215 2452 1427 2510 Turnus,

182 2526 381 2572 Turnus
401 2525 524 2586 Ityn
549 2525 889 2586 Cloniumque,
918 2526 1223 2587 Dioxippum
1247 2527 1627 2590 Promolumque

183 2603 252 2647 Et
277 2601 503 2663 Sagarim
527 2606 577 2646 et
601 2603 804 2647 summis
828 2607 1047 2648 stantem
1070 2620 1160 2664 pro
1187 2605 1407 2649 turribus
1433 2606 1574 2663 Idan,

182 2679 479 2724 Privernum
503 2678 674 2739 Capys.
748 2679 900 2725 Hunc
925 2680 1084 2740 primo
1109 2679 1231 2725 levis
1255 2681 1398 2726 hasta
1423 2682 1690 2729 Themillae

185 2755 469 2801 Strinxerat
492 2772 500 2801 :
538 2754 619 2800 ille
653 2771 860 2800 manum
883 2757 1100 2817 proiecto
1124 2758 1343 2817 tegmine
1368 2758 1564 2804 demens

182 2832 264 2877 Ad
287 2832 462 2877 volnus
485 2832 605 2877 tulit
623 2848 636 2890 3
673 2847 789 2893 ergo
823 2834 915 2878 alis
947 2834 1151 2894 adlapsa
1176 2835 1378 2895 sagitta,

183 2910 251 2954 Et
273 2909 412 2954 laevo
436 2908 589 2953 infixa
612 2913 684 2953 est
708 2909 854 2955 lateri
878 2926 1069 2968 manus,
1096 2911 1363 2972 abditaque
1387 2912 1523 2958 intus

184 2984 500 3044 Spiramenta
525 2983 722 3028 animae
747 2985 887 3029 letali
913 2986 1110 3031 volnere
1134 2987 1284 3047 rupit.

264 3081 335 3110 Aen
343 3101 350 3108 .
372 3079 442 3111 ΙΧ.
1618 3088 1645 3126 3

1765 712 1788 758 υι

1798 713 1821 758 01

1830 716 1858 743 O

1763 1095 1853 1142 555

1756 2242 1849 2288 570

1751 2624 1841 2671 575

1752 2995 1846 3052 580
