2151 3253
963 227 1151 258 AENEID
1188 228 1254 258 IX.

273 344 389 389 Non
414 360 570 405 aequo
595 343 713 389 dare
737 359 786 388 se
809 351 1123 404 campo,'non
1148 340 1448 394 obviaferre

270 421 431 465 Arma
455 421 598 476 viros,
626 420 707 465 sed
732 425 896 466 castra
921 420 1097 465 fovere.
1173 420 1287 463 Huc
1312 416 1540 462 turbidus
1563 420 1715 476 atque
1739 415 1834 460 huc

270 496 480 542 Lustrat
504 512 627 557 equo
652 513 820 541 muros
844 496 1136 556 aditumque
1160 510 1246 555 per
1267 493 1379 539 avia
1406 492 1618 553 quaerit.

267 573 343 618 Ac
368 572 524 618 veluti
547 573 691 634 pleno
715 573 860 634 lupus
883 573 1148 618 insidiatus
1173 571 1288 617 ovili

268 649 392 696 Cum
417 649 587 695 fremit
610 649 670 694 ad
695 649 878 707 caulas,
906 653 1076 694 ventos
1100 662 1357 709 perpessus
1381 649 1431 690 et
1455 644 1651 701 imbres,

264 725 424 771 Nocte
448 741 595 786 super
619 725 780 771 media
803 743 810 772 :
849 725 950 770 tuti
976 725 1066 770 sub
1090 723 1338 769 matribus
1363 722 1482 782 agni

265 801 500 847 Balatum
525 806 754 848 exercent
770 819 783 860 3
825 801 907 846 ille
931 817 1075 862 asper
1100 804 1149 845 et
1173 799 1428 859 improbus
1452 798 1528 843 ira

264 877 433 923 Saevit
457 878 510 923 in
535 879 753 924 absentis
776 897 784 925 :
823 878 1022 923 collecta
1049 876 1235 937 fatigat
1260 875 1434 921 edendi

263 953 340 999 Ex
362 954 508 1016 longo
532 955 695 999 rabies
718 959 769 999 et
793 955 949 999 siccae
973 953 1214 1014 sanguine
1240 952 1435 997 fauces:

260 1030 415 1076 Haud
439 1031 598 1088 aliter,
613 1031 804 1076 Rutulo
828 1046 994 1075 muros
1019 1034 1068 1075 et
1094 1035 1256 1074 castra
1280 1027 1445 1073 tuenti

266 1107 534 1168 Ignescunt
558 1108 662 1152 irae
682 1124 694 1165 3
733 1107 867 1152 duris
892 1107 1028 1152 dolor
1053 1106 1238 1151 ossibus
1263 1104 1421 1161 ardet,

259 1183 369 1238 Qua
392 1188 555 1229 tentet
578 1183 772 1229 ratione
798 1184 963 1228 aditus
987 1189 1038 1228 et
1063 1198 1186 1243 quae
1210 1182 1291 1226 Via
1315 1181 1504 1226 clausos

258 1259 494 1305 Excutiat
518 1261 728 1305 Teucros
751 1260 882 1305 vallo
907 1264 1057 1319 atque
1082 1258 1306 1304 effundat
1329 1257 1382 1302 in
1407 1273 1589 1304 aecum.

256 1335 488 1394 Classem,
514 1351 640 1397 quae
664 1336 810 1381 lateri
835 1340 1112 1381 castrorum
1132 1335 1367 1380 adiuncta
1391 1333 1598 1391 latebat,

255 1411 537 1473 Aggeribus
560 1417 783 1473 saeptam
807 1412 990 1457 circum
1016 1417 1065 1457 et
1090 1411 1371 1456 fluvialibus
1395 1409 1554 1467 undis,

254 1488 471 1546 Invadit,
497 1488 744 1549 sociosque
768 1488 992 1534 incendia
1016 1488 1169 1549 poscit
1193 1488 1405 1542 ovantis,

251 1568 425 1625 Atque
447 1581 655 1609 manum
679 1565 801 1625 pinu
826 1565 1065 1626 flagranti
1090 1564 1310 1610 fervidus
1329 1565 1519 1625 implet.

251 1640 377 1685 Tum
395 1656 510 1686 vero
534 1641 832 1687 incumbunt
852 1640 1055 1703 (urguet
1079 1641 1360 1701 praesentia
1384 1640 1582 1702 Turni),

248 1716 420 1777 Atque
443 1717 601 1762 omnis
618 1716 809 1762 facibus
832 1718 984 1778 pubes
1009 1718 1287 1778 accingitur
1311 1718 1449 1763 atris.

251 1791 515 1853 Diripuere
538 1793 669 1839 focos
688 1810 701 1851 3
737 1794 931 1854 piceum
957 1793 1057 1838 fert
1082 1792 1272 1839 fumida
1296 1794 1469 1839 lumen

250 1867 414 1914 Taeda
438 1874 489 1914 et
513 1869 831 1915 commixtam
856 1869 1111 1915 Volcanus
1136 1870 1198 1915 ad
1223 1874 1361 1915 astra
1386 1870 1624 1915 favillam.

316 1945 437 2000 Quis
462 1945 592 2003 deus,
619 1962 646 1990 o
672 1945 865 2003 Musae,
890 1950 998 1991 tam
1023 1962 1169 1991 saeva
1196 1946 1423 1991 incendia
1448 1946 1649 1991 Teucris

248 2021 485 2067 Avertit?
519 2026 690 2085 tantos
714 2022 906 2067 ratibus
931 2022 1039 2082 quis
1066 2022 1254 2082 depulit
1278 2023 1406 2083 ignis
1426 2024 1441 2067 2

248 2097 425 2142 Dicite.
498 2097 667 2143 Prisca
692 2098 812 2143 fides
836 2098 982 2156 facto,
1010 2098 1092 2143 sed
1116 2098 1251 2143 fama
1275 2100 1520 2159 perennis.

245 2174 482 2235 Tempore
506 2191 601 2235 quo
626 2174 845 2235 primum
872 2175 1093 2235 Phrygia
1118 2174 1367 2220 formabat
1392 2175 1443 2219 in
1470 2175 1561 2219 Ida

244 2250 444 2295 Aeneas
467 2251 672 2296 classem
696 2256 747 2296 et
770 2251 932 2312 pelagi
957 2255 1123 2311 petere
1148 2252 1254 2296 alta
1280 2252 1507 2312 parabat,

245 2326 364 2387 Ipsa
389 2326 534 2371 deum
557 2326 722 2372 fertur
745 2327 983 2372 Genetrix
1008 2327 1304 2388 Berecyntia
1340 2344 1577 2388 magnum

243 2403 460 2449 Vocibus
483 2404 560 2449 his
583 2403 758 2449 adfata
784 2404 954 2449 Iovem
975 2421 983 2448 :
1022 2404 1116 2461 Da,
1142 2409 1275 2461 nate,
1301 2405 1507 2464 petenti,

243 2480 384 2535 Quod
406 2485 497 2525 tua
522 2497 638 2526 cara
662 2496 842 2542 parens
866 2480 1050 2526 domito
1073 2485 1124 2526 te
1146 2482 1301 2542 poscit
1327 2480 1550 2542 Olympo.

241 2556 397 2602 Pinea
420 2557 544 2602 silva
569 2557 705 2615 mihi,
732 2557 913 2602 multos
939 2557 1118 2602 dilecta
1142 2573 1229 2617 per
1253 2574 1407 2603 annos
1426 2575 1438 2616 3

242 2634 406 2678 Lucus
427 2633 481 2678 in
505 2649 616 2679 arce
640 2633 738 2678 fuit
764 2649 971 2690 summa,
1000 2649 1095 2693 quo
1120 2650 1260 2679 sacra
1285 2634 1526 2693 ferebant,

239 2709 478 2771 Nigranti
501 2710 636 2771 picea
659 2711 982 2771 trabibusque
1008 2711 1242 2755 obscurus
1267 2712 1457 2756 acernis
1479 2730 1486 2758 :

241 2787 352 2831 Has
375 2801 464 2846 ego
489 2786 742 2831 Dardanio
765 2786 948 2843 iuveni,
975 2803 1086 2831 cum
1111 2787 1277 2832 classis
1302 2792 1484 2849 egeret,

238 2861 395 2907 Laeta
420 2862 528 2908 dedi
544 2879 557 2920 3
594 2880 727 2908 nunc
751 2863 1008 2908 sollicitam
1035 2864 1183 2909 timor
1208 2866 1387 2910 anxius
1405 2866 1563 2925 angit.

241 2938 382 2985 Solve
406 2944 566 2985 metus
589 2945 738 3001 atque
763 2940 852 2985 hoc
876 2941 1098 3000 precibus
1122 2942 1226 2986 sine
1250 2957 1386 3002 posse
1410 2948 1685 3002 parentem,

1908 216 1934 259 02

1870 648 1931 690 60

1863 1428 1921 1471 70

1854 1811 1909 1857 75

1849 2179 1910 2222 80

1837 2960 1898 3003 90
