2151 3253
187 213 213 256 6
929 229 1125 260 VERGIL.

181 343 268 389 Bis
292 348 478 405 septem
506 344 699 401 Rutuli,
727 361 892 390 muros
917 345 1003 406 qui
1027 345 1185 391 milite
1209 349 1422 403 servent,

182 421 374 466 Delecti
395 438 407 479 3
443 426 521 465 ast
546 421 653 466 illos
678 422 874 466 centeni
899 437 1144 483 quemque
1169 427 1419 480 secuntur,

179 498 429 558 Purpurei
454 497 613 543 cristis
638 498 840 543 iuvenes
864 514 1084 559 auroque
1109 499 1308 544 corusci.

178 575 479 621 Discurrunt
505 575 802 635 variantque
826 575 954 620 vices
979 575 1176 636 fusique
1200 591 1288 637 per
1313 576 1516 622 herbam

177 652 452 713 Indulgent
478 652 607 707 vino,
636 657 685 697 et
711 657 918 698 vertunt
943 657 1160 698 crateras
1184 659 1345 699 aenos:

177 730 450 776 Conlucent
474 729 613 790 ignes
629 747 642 788 3
679 733 875 775 noctem
901 730 1121 775 custodia
1146 730 1282 775 ducit

177 808 236 852 In
245 822 463 852 somnem
486 806 615 852 ludo.

243 884 384 928 Haec
409 899 556 945 super
580 900 605 929 e
629 884 759 929 vallo
783 889 1100 946 prospectant
1125 885 1287 943 Troes,
1314 890 1365 931 et
1391 886 1544 931 armis

173 961 299 1006 Alta
321 966 498 1007 tenent
518 978 530 1019 3
567 977 655 1006 nec
680 978 780 1007 non
804 963 987 1024 trepidi
1011 963 1274 1008 formidine
1299 969 1469 1025 portas

175 1039 469 1100 Explorant,
495 1040 758 1101 pontisque
782 1046 832 1086 et
856 1042 1232 1102 propugnacula
1256 1042 1491 1102 iungunt,

175 1115 292 1161 Tela
317 1122 513 1177 gerunt.
586 1117 758 1163 Instat
784 1117 1077 1164 Mnestheus
1102 1135 1312 1180 acerque
1339 1119 1579 1176 Serestus,

174 1193 305 1248 Quos
329 1196 474 1253 pater
498 1194 713 1251 Aeneas,
740 1194 781 1239 si
806 1195 1005 1256 quando
1030 1195 1238 1240 adversa
1263 1202 1514 1253 vocarent,

173 1270 407 1316 Rectores
431 1271 670 1317 iuvenum
698 1277 747 1317 et
772 1288 942 1318 rerum
969 1273 1103 1318 dedit
1128 1288 1229 1318 esse
1254 1274 1532 1333 magistros

174 1347 347 1394 Omnis
370 1365 459 1409 per
483 1365 651 1394 muros
675 1349 815 1411 legio,
842 1351 1020 1396 sortita
1045 1351 1297 1412 periclum,

172 1426 403 1472 Excubat
428 1432 719 1489 exercetque
743 1429 887 1486 vices,
915 1429 1046 1491 quod
1071 1429 1248 1490 cuique
1275 1428 1517 1474 tuendum
1544 1433 1631 1475 est.

239 1503 393 1548 Nisus
417 1508 525 1549 erat
551 1509 726 1565 portae
749 1510 924 1563 custos,
954 1506 1224 1552 acerrimus
1249 1507 1414 1564 armis,

173 1580 489 1642 Hyrtacides,
517 1581 746 1627 comitem
774 1583 977 1629 Aeneae
1001 1600 1148 1645 quem
1173 1583 1379 1629 miserat
1406 1583 1499 1628 Ida

169 1657 439 1716 Venatrix,
465 1658 625 1704 iaculo
651 1660 855 1705 celerem
882 1661 1172 1722 levibusque
1198 1661 1426 1721 sagittis3

170 1734 239 1780 Et
263 1735 407 1781 iuxta
432 1752 591 1782 comes
618 1737 887 1799 Euryalus,
914 1755 1011 1800 quo
1036 1738 1293 1800 pulchrior
1317 1739 1446 1783 alter

167 1811 285 1857 Non
309 1811 408 1857 fuit
432 1813 727 1859 Aeneadum
752 1815 969 1860 Troiana
994 1831 1153 1877 neque
1178 1815 1344 1860 induit
1370 1831 1527 1871 arma,

173 1890 274 1936 Ora
298 1906 421 1952 puer
446 1892 609 1952 prima
635 1892 837 1953 signans
861 1894 1062 1939 intonsa
1087 1894 1307 1939 iuventa.

170 1967 269 2012 His
294 1984 433 2013 amor
458 1984 588 2014 unus
613 1974 738 2028 erat,
767 1970 1055 2032 pariterque
1079 1971 1132 2016 in
1157 1971 1285 2016 bella
1308 1971 1524 2017 ruebant
1547 1989 1555 2017 :

168 2045 295 2089 Tum
321 2060 514 2107 quoque
541 2048 792 2092 communi
818 2052 1015 2108 portam
1043 2048 1259 2095 statione
1282 2049 1536 2094 tenebant.

168 2121 323 2167 Nisus
347 2123 417 2168 ait
441 2141 449 2169 :
489 2123 620 2169 Dine
646 2124 781 2170 hunc
806 2125 1032 2172 ardorem
1058 2127 1310 2172 mentibus
1336 2126 1542 2185 addunt,

169 2198 404 2260 Euryale,
433 2217 498 2246 an
523 2218 613 2247 sua
638 2203 816 2264 cuique
842 2204 961 2249 deus
985 2204 1043 2250 fit
1070 2205 1176 2250 dira
1201 2204 1411 2265 cupido?

168 2276 277 2322 Aut
302 2293 523 2338 pugnam
549 2284 640 2324 aut
666 2280 855 2340 aliquid
881 2281 1172 2326 iamdudum
1197 2282 1433 2327 invadere
1457 2298 1696 2344 magnum

169 2352 316 2399 Mens
341 2355 505 2416 agitat
529 2356 667 2413 mihi,
695 2372 784 2402 nec
809 2358 1000 2419 placida
1024 2364 1266 2404 contenta·
1284 2360 1448 2421 quiete
1473 2364 1559 2404 est.

168 2431 356 2490 Cernis,
385 2448 512 2494 quae
538 2434 757 2479 Rutulos
782 2434 969 2481 habeat
994 2436 1174 2481 fiducia
1199 2452 1384 2482 rerum.

172 2508 390 2554 Lumina
417 2525 530 2556 rara
555 2510 746 2556 micant
766 2528 778 2569 3
817 2527 987 2557 somno
1012 2513 1225 2574 vinoque
1251 2513 1398 2558 soluti

168 2585 480 2633 Procubuere
499 2605 512 2642 ;
549 2589 698 2634 silent
722 2589 825 2635 late
849 2589 954 2636 loca
973 2607 986 2649 3
1025 2591 1222 2652 percipe
1246 2607 1406 2652 porro,

169 2663 299 2718 Quid
323 2663 546 2710 dubitem
571 2669 621 2710 et
647 2682 774 2727 quae
798 2683 932 2712 nunc
957 2668 1125 2712 animo
1150 2669 1399 2713 sententia
1423 2673 1615 2730 surgat.

167 2739 379 2784 Aenean
404 2740 552 2786 acciri
576 2757 760 2800 omneS,
786 2744 1096 2805 populusque
1120 2748 1401 2806 patresque,

169 2815 473 2876 Exposcunt,
499 2817 734 2879 mittique
759 2819 904 2877 viros,
932 2821 1017 2881 qui
1042 2825 1178 2866 certa
1203 2826 1474 2882 reportent.

169 2891 222 2937 Si
246 2892 339 2937 tibi
363 2908 490 2953 quae
514 2909 656 2954 posco
680 2895 988 2955 promittunt
1014 2895 1152 2959 (nam
1177 2897 1301 2943 mihi
1324 2897 1444 2945 facti

168 2968 325 3014 Fama
348 2973 428 3015 sat
452 2969 562 3032 est),
589 2972 784 3016 tumulo
808 2972 976 3018 videor
999 2974 1214 3034 reperire
1237 2974 1330 3019 sub
1355 2975 1440 3021 illo

1759 659 1844 718 165

1757 1058 1848 1103 170

1756 1819 1847 1863 180

1756 2209 1842 2268 185

1754 2611 1844 2655 190

1753 2991 1840 3038 195
