2151 3253
243 213 265 258 l
275 213 303 258 8
977 225 1174 258 VERGIL.

239 342 421 388 Stabat
443 342 495 387 in
523 343 731 404 egregiis
755 343 992 390 Arcentis
1019 343 1150 388 filius
1175 341 1341 398 armis,

238 420 406 465 Pictus
429 436 521 466 acu
545 420 855 481 chlamydem
879 426 930 466 et
955 419 1212 480 ferrugine
1241 419 1406 464 clarus
1439 418 1648 472 Hibera,

239 497 459 558 Insignis
482 496 625 554 faeie,
651 497 848 557 genitor
873 513 1020 557 quem
1045 496 1249 541 miserat
1274 496 1481 552 Arcens,

239 573 494 618 Eductum
520 573 705 618 Matris
728 574 837 620 luco
865 573 1159 635 Symaethia
1183 572 1368 618 circum

239 650 484 708 Flumina,
512 650 711 711 pinguis
735 652 822 697 ubi
847 656 897 697 et
922 650 1180 713 placabilis
1204 665 1294 695 ara
1327 648 1484 694 Palici
1507 666 1515 694 :

241 726 548 773 Stridentem
574 726 787 772 fundam
811 728 984 788 positis
1009 726 1292 773 Mezentius
1309 725 1467 771 hastis

239 806 354 865 Ipse
377 808 455 849 ter
487 803 702 848 adducta
727 804 913 850 circum
937 808 1090 866 caput
1115 803 1218 865 egit
1242 802 1451 860 habena,

240 881 308 926 Et
332 880 493 925 media
518 878 712 925 adversi
735 880 1004 942 liquefacto
1029 885 1255 941 tempora
1280 879 1482 940 plumbo

239 959 449 1016 Diffidit‚
475 974 533 1003 ac
568 958 730 1003 multa
754 963 1039 1019 porrectum
1064 957 1291 1004 extendit
1316 957 1523 1004 harena.

306 1036 433 1080 Tum
456 1034 674 1096 primum
699 1035 826 1080 bello
851 1035 1057 1080 celerem
1080 1033 1350 1080 intendisse
1375 1035 1617 1095 sagittam

240 1111 454 1169 Dicitur,
480 1102 600 1156 ante
623 1110 755 1156 feras
780 1111 954 1156 solitus
977 1115 1166 1156 terrere
1190 1110 1398 1171 fugacis,

241 1189 497 1245 Ascanius,
525 1187 806 1249 fortemque
831 1204 987 1233 manu
1010 1188 1196 1233 fudisse
1221 1187 1533 1247 Numanum,

239 1267 332 1313 Oui
357 1266 569 1312 Remulo
592 1282 864 1327 cognomen
888 1271 1012 1323 erat,
1039 1266 1294 1327 Turnique
1319 1267 1561 1313 minorem

239 1344 542 1390 Germanam
566 1359 726 1404 nuper
750 1343 975 1389 thalamo
1000 1344 1214 1389 sociatus
1239 1343 1474 1390 habebat.

238 1422 291 1466 Is
314 1420 526 1482 primam
551 1425 668 1466 ante
693 1419 848 1466 aciem
873 1420 1022 1481 digna
1048 1424 1203 1481 atque
1226 1420 1434 1481 indigna
1458 1421 1622 1467 relatu

239 1496 537 1542 Vociferans
562 1496 879 1558 tumidusque
903 1512 1030 1542 novo
1055 1497 1343 1558 praecordia
1369 1513 1521 1559 regno

242 1576 362 1621 Ibat
386 1578 437 1620 et
460 1574 717 1635 ingentem
741 1590 842 1619 sese
867 1574 1080 1619 clamore
1104 1573 1300 1619 ferebat
1322 1590 1330 1618 :

241 1650 359 1696 Non
383 1650 536 1711 pudet
560 1649 808 1696 obsidione
831 1650 1015 1695 iterum
1040 1650 1272 1711 valloque
1295 1651 1471 1709 teneri,

243 1728 329 1774 Bis
353 1726 488 1787 capti
513 1726 750 1787 Phryges,
777 1732 826 1772 et
851 1727 1001 1771 morti
1034 1727 1360 1787 praetendere
1385 1744 1552 1772 muros
1572 1730 1586 1773 2

242 1804 322 1849 En
347 1803 432 1864 qui
457 1807 627 1848 nostra
652 1803 745 1848 sibi
768 1803 896 1848 bello
921 1804 1129 1848 conubia
1154 1808 1362 1864 poscunt
1387 1807 1395 1850 1

243 1881 364 1936 Quis
387 1880 505 1926 deus
530 1879 752 1938 Italiam,
779 1896 907 1941 quae
932 1896 1017 1925 vos
1041 1880 1293 1925 dementia
1320 1881 1518 1942 adegit?

241 1958 359 2003 Non
384 1957 463 2002 hic
489 1957 701 2003 Atridae
727 1974 816 2003 nec
841 1957 984 2003 fandi
1009 1958 1150 2003 fictor
1175 1958 1351 2004 Ulixes
1374 1977 1382 2005 ε

242 2035 442 2080 Durum
466 2050 495 2078 a
521 2035 674 2095 stirpe
698 2050 853 2096 genus
877 2039 1023 2080 natos
1047 2035 1111 2080 ad
1136 2035 1344 2080 flumina
1370 2035 1587 2096 primum

243 2111 527 2157 Deferimus
551 2127 793 2172 saevoque
816 2112 929 2172 gelu
955 2111 1194 2157 duramus
1218 2117 1268 2157 et
1293 2113 1452 2158 undis.

241 2189 450 2234 Venatu
473 2187 743 2249 invigilant
767 2188 908 2249 pueri
933 2188 1182 2249 silvasque
1205 2188 1428 2250 fatigant
1448 2207 1461 2243 3

242 2265 461 2310 Flectere
484 2263 630 2309 ludus
653 2280 802 2325 equos
825 2269 877 2309 et
910 2264 1097 2326 spicula
1123 2266 1326 2311 tendere
1352 2282 1518 2312 cornu.

240 2342 316 2387 At
340 2341 536 2402 patiens
560 2357 765 2402 operum
788 2357 1040 2402 parvoque
1065 2341 1273 2387 adsueta
1297 2344 1533 2388 iuventus

241 2420 352 2464 Aut
375 2417 551 2463 rastris
575 2422 764 2462 terram
792 2418 962 2463 domat
987 2425 1078 2464 aut
1104 2419 1273 2480 quatit
1298 2419 1477 2480 oppida
1510 2420 1651 2465 bello.

244 2494 403 2540 Omne
426 2509 600 2539 aevom
623 2493 756 2539 ferro
782 2494 980 2552 teritur,
1007 2510 1252 2556 versaque
1275 2496 1540 2541 iuvencum

244 2571 403 2632 Terga
428 2569 701 2631 fatigamus
726 2571 871 2616 hasta
891 2588 903 2629 3
941 2587 1029 2616 nec
1052 2571 1201 2616 tarda
1234 2577 1459 2617 senectus

246 2647 493 2693 Debilitat
516 2647 636 2692 viris
660 2647 816 2692 animi
841 2653 1105 2708 mutatque
1130 2648 1346 2709 vigorem
1371 2666 1379 2694 :

245 2724 491 2770 Canitiem
517 2723 659 2784 galea
685 2724 970 2784 premimus,
997 2741 1286 2786 semperque
1310 2727 1520 2771 recentis

246 2801 566 2861 Comportare
589 2800 731 2845 iuvat
756 2801 965 2861 praedas
989 2806 1039 2846 et
1065 2802 1231 2847 vivere
1255 2807 1414 2863 rapto.

245 2876 400 2922 Vobis
424 2876 557 2936 picta
582 2892 719 2922 croco
743 2881 794 2921 et
818 2875 1036 2937 fulgenti
1063 2878 1248 2923 murice
1276 2879 1441 2936 vestis,

246 2952 476 2998 Desidiae
501 2952 663 3011 cordi5
699 2953 844 2998 iuvat
869 2953 1126 3014 indulgere
1150 2954 1350 3011 choreiS,

1825 1050 1919 1097 590

1824 1437 1915 1483 595

1821 1808 1917 1851 600

1824 2193 1916 2253 605

1823 2578 1919 2622 610

1820 2960 1916 3020 615
