2151 3253
254 185 278 229 1
289 184 315 228 6
1001 192 1198 223 VERG1L.

248 309 460 355 Adsueti
484 309 628 369 longo
653 323 820 353 muros
846 305 1109 352 defendere
1135 306 1276 350 bello.

253 387 382 432 Saxa
408 401 600 447 quoque
624 383 804 430 infesto
828 383 1095 428 volvebant
1120 381 1348 442 pondere,
1375 381 1416 426 si
1440 397 1539 442 qua

253 469 460 513 Possent
485 471 670 512 tectam
706 464 862 510 aciem
886 478 1223 525 perrumpere,
1250 479 1360 507 cum
1384 467 1557 508 tamen
1581 462 1741 507 omnis

251 547 401 591 Ferre
425 545 567 589 iuvat
593 544 763 589 subter
789 542 940 588 densa
965 541 1217 587 testudine
1242 556 1397 587 casus.

249 621 355 666 Nec
378 621 475 665 iam
503 619 765 664 sufficiunt.
838 617 973 662 Nam
1000 632 1098 678 qua
1121 616 1296 677 globus
1320 615 1547 660 imminet
1573 614 1762 675 ingens,

249 700 528 744 Immanem
553 696 726 741 Teucri
751 695 929 740 molem
954 694 1256 754 volvontque
1281 697 1555 754 ruuntque,

251 776 387 831 Quae
413 773 596 820 stravit
622 772 837 817 Rutulos
860 771 963 816 late
990 786 1342 831 armorumque
1366 769 1569 815 resolvit

250 853 501 914 Tegmina.
575 851 681 896 Nec
708 854 888 894 curant
913 864 1052 894 caeco
1077 847 1375 894 contendere
1403 847 1569 891 Marte

248 929 480 990 Amplius
505 927 717 972 audaces
743 926 938 983 Rutuli,
965 925 1048 971 sed
1072 925 1255 986 pellere
1279 924 1412 970 vallo

252 1005 529 1051 Missilibus
554 1008 765 1050 certant.

250 1084 403 1128 Parte
427 1082 527 1126 alia
553 1080 829 1126 horrendus
853 1080 961 1125 visu
986 1080 1258 1141 quassabat
1287 1080 1556 1124 Etruscam

250 1161 433 1207 Pinum
459 1169 508 1205 et
534 1158 792 1205 fumiferos
815 1158 972 1203 infert
998 1158 1279 1204 Mezentius
1303 1158 1461 1220 igni53

248 1240 324 1284 At
350 1237 610 1298 Messapus
635 1252 809 1297 equom
834 1234 1060 1292 domitor,
1087 1234 1348 1296 Neptunia
1373 1233 1546 1295 proles,

251 1316 507 1362 Rescindit
531 1315 720 1360 vallum
746 1318 796 1359 et
821 1313 978 1358 scalas
1002 1313 1055 1357 in
1079 1313 1275 1358 moenia
1300 1312 1470 1373 poscit.

317 1394 435 1450 Vos,
463 1408 490 1437 o
516 1391 749 1452 Calliope,
775 1406 960 1451 precor,
991 1389 1245 1450 adspirate
1273 1389 1486 1445 canenti,

251 1473 386 1528 Quas
409 1471 478 1516 ibi
503 1475 615 1515 tum
639 1469 772 1514 ferro
798 1473 1004 1528 strages,
1031 1484 1159 1528 quae
1183 1467 1361 1512 funera
1387 1467 1585 1511 Turnus

252 1548 490 1605 Ediderit,
519 1562 666 1608 quem
691 1546 898 1606 quisque
925 1544 1092 1589 virum
1119 1544 1368 1589 demiserit
1394 1543 1519 1589 Orco
1539 1560 1551 1601 3

252 1626 320 1671 Et
346 1640 540 1670 mecum
563 1622 782 1684 ingentis
806 1637 918 1667 oras
943 1620 1156 1666 evolvite
1180 1621 1309 1665 belli.

253 1703 320 1747 Et
346 1699 640 1747 meministis
664 1699 811 1756 enim,
839 1698 997 1755 divae,
1024 1702 1075 1742 et
1100 1713 1376 1742 memorare
1397 1696 1615 1757 potestis.

318 1781 490 1825 Turris
516 1783 624 1824 erat
649 1782 791 1823 vasto
816 1780 1047 1837 suspectu
1074 1779 1123 1820 et
1147 1775 1383 1836 pontibus
1408 1774 1538 1831 altis,

252 1858 547 1920 Opportuna
570 1855 689 1913 loco,
716 1853 922 1900 summis
947 1868 1099 1914 quam
1122 1851 1308 1896 viribus
1333 1867 1501 1897 omnes

253 1936 558 1996 Expugnare
583 1933 708 1979 Itali
733 1947 1026 1992 summaque
1051 1934 1274 1976 evertere
1307 1946 1457 1991 opum
1480 1929 1530 1974 vi

251 2013 544 2070 Certabant,
570 2011 719 2056 Troes
743 2013 915 2055 contra
941 2007 1204 2054 defendere
1228 2008 1360 2053 saxis

253 2091 448 2152 Perque
473 2106 616 2135 cavas
641 2088 778 2134 densi
802 2087 902 2133 tela
926 2087 1214 2147 intorquere
1238 2084 1494 2130 fenestras.

252 2168 490 2229 Princeps
515 2166 774 2212 ardentem
798 2164 1005 2210 coniecit
1029 2163 1256 2225 lampada
1282 2163 1481 2208 Turnus

254 2246 322 2291 Et
348 2245 601 2290 flammam
625 2243 800 2289 adfixit
824 2242 987 2298 lateri,
1015 2257 1142 2303 quae
1165 2241 1381 2301 plurima
1407 2243 1557 2285 vento

253 2321 506 2382 Corripuit
530 2321 733 2366 tabulas
758 2324 808 2365 et
834 2318 1058 2380 postibus
1082 2316 1242 2362 haesit
1267 2316 1434 2362 adesis.

252 2399 464 2444 Turbati
488 2397 739 2459 trepidare
763 2398 902 2442 intus
926 2394 1219 2456 frustraque
1245 2393 1490 2438 malorum

252 2476 396 2522 Velle
420 2476 610 2538 fugam.
681 2475 818 2520 Dum
843 2490 892 2520 se
915 2473 1196 2535 glomerant
1220 2476 1451 2532 retroque
1475 2471 1700 2516 residunt

252 2552 318 2599 In
343 2558 554 2614 partem,
581 2568 706 2614 quae
730 2557 866 2613 peste
891 2554 1043 2608 caret,
1073 2554 1185 2595 tum
1209 2549 1427 2610 pondere
1451 2548 1607 2593 turris

254 2631 526 2676 Procubuit
549 2629 714 2675 subito
739 2633 790 2674 et
814 2628 1006 2674 caelum
1031 2631 1178 2673 tonat
1202 2642 1347 2672 omne
1380 2626 1591 2687 fragore.

254 2707 528 2754 Semineces
552 2706 615 2752 ad
639 2711 842 2763 terram,
879 2705 1088 2750 immani
1112 2704 1238 2749 mole
1262 2708 1443 2762 secuta,

253 2784 544 2846 Confixique
569 2783 670 2830 suis
692 2783 805 2829 telis
830 2787 880 2828 et
912 2786 1113 2843 pectora
1138 2781 1260 2826 duro

253 2859 530 2907 Transfossi
554 2860 690 2921 ligno
714 2859 937 2905 veniunt.
1010 2857 1112 2902 Vix
1137 2872 1267 2902 unus
1291 2856 1514 2902 Helenor

257 2938 325 2983 Et
351 2937 513 2999 Lycus
536 2937 717 2998 elapsi3
756 2951 967 2998 quorum
990 2935 1276 2997 primaevus
1300 2933 1536 2989 Helenor,

1835 629 1926 676 515

1836 1016 1932 1062 520

1832 1402 1924 1449 525

1836 2175 1927 2222 535

1836 2563 1929 2609 540

1832 2947 1923 2995 545
