2151 3253
228 237 253 279 2
965 241 1163 272 VERGIL.

227 363 554 421 Palantisque
579 359 688 419 polo
714 357 893 402 stellas.
967 355 1156 415 Sequor
1180 354 1346 398 omina
1372 356 1537 407 tanta,

225 439 458 499 Quisquis
481 437 534 481 in
558 451 701 480 arma
724 449 881 478 vocas.
955 432 1023 477 Et
1048 432 1115 476 sic
1139 431 1317 475 effatus
1342 429 1405 474 ad
1429 428 1617 473 undam

225 512 467 560 Processit
492 526 781 571 summoque
805 508 973 554 hausit
999 508 1057 552 de
1080 506 1279 568 gurgite
1302 505 1547 566 lymphas,

227 591 394 636 Multa
419 589 530 634 deos
555 603 716 643 orans,
742 585 1066 645 oneravitque
1091 582 1296 628 aethera
1320 581 1462 626 Votis.

292 669 502 728 Iamque
527 665 684 711 omnis
703 662 888 724 campis
912 661 1156 706 exercitus
1179 660 1285 704 ibat
1310 657 1511 719 apertiS,

226 747 377 792 Dives
402 760 591 805 equom,
617 742 751 787 dives
775 740 929 801 pictai
954 739 1105 784 vestis
1129 742 1179 783 et
1204 736 1345 795 auri;

227 822 485 883 Messapus
508 820 696 881 primas
719 817 860 875 acies,
887 820 1136 878 postrema
1160 817 1385 860 coercent

225 899 499 961 Tyrrhidae
522 898 724 942 iuvenes
743 913 755 954 3
792 894 951 940 medio
969 893 1070 938 dux
1094 891 1290 954 agmine
1315 892 1514 936 Turnus

225 978 463 1023 Vertitur
486 990 628 1020 arma
653 978 830 1020 tenens
854 977 903 1018 et
927 977 1034 1018 toto
1058 971 1242 1017 vertice
1266 985 1418 1031 supra
1442 972 1530 1014 est.

227 1056 330 1101 Ceu
354 1058 542 1115 septem
567 1066 773 1112 surgens
797 1049 981 1095 sedatis
1006 1048 1238 1094 amnibus
1263 1047 1396 1092 altus

227 1131 324 1176 Per
350 1130 560 1175 tacitum
586 1128 786 1189 Ganges
805 1131 895 1172 aut
919 1126 1095 1187 pingui
1119 1124 1323 1170 flumine
1348 1123 1499 1168 Nilus

232 1209 358 1255 Cum
382 1207 550 1252 refluit
575 1205 762 1266 campis
785 1209 836 1249 et
859 1204 960 1248 iam
980 1219 1031 1249 se
1055 1202 1274 1248 condidit
1298 1202 1451 1246 alveo.

229 1286 328 1331 Hic
354 1284 569 1330 subitam
594 1283 738 1343 nigro
761 1280 1027 1343 glomerari
1052 1281 1253 1342 pulvere
1277 1279 1462 1324 nubem

229 1362 545 1423 Prospiciunt
569 1359 746 1406 Teucri
770 1375 828 1404 ac
851 1359 1086 1417 tenebras
1109 1358 1367 1418 insurgere
1392 1354 1592 1416 campis.

227 1440 427 1486 Primus
452 1439 516 1483 ab
541 1437 748 1483 adversa
774 1436 1052 1481 conclamat
1076 1435 1202 1480 mole
1229 1434 1400 1480 Caicus
1423 1450 1431 1478 :

231 1517 352 1572 Quis
377 1515 564 1577 globus,
590 1531 617 1560 0
642 1514 784 1571 cives,
811 1512 1020 1573 caligine
1044 1512 1264 1558 volvitur
1283 1511 1432 1556 atra?

232 1595 378 1639 Ferte
396 1593 483 1638 citi
507 1592 712 1649 ferrum,
739 1591 855 1636 date
878 1590 996 1648 tela,
1023 1589 1272 1635 ascendite
1296 1603 1477 1644 muros,

232 1671 407 1718 Hostis
431 1669 585 1727 adest,
611 1669 723 1714 heia
749 1671 757 1714 1
829 1668 1036 1728 Ingenti
1060 1667 1274 1712 clamore
1298 1682 1386 1727 per
1410 1664 1570 1710 omnis

229 1748 464 1794 Condunt
488 1762 538 1792 se
563 1745 739 1791 Teucri
762 1749 932 1805 portas
957 1749 1007 1789 et
1032 1744 1226 1789 moenia
1252 1742 1516 1803 complent.

227 1825 459 1886 Namque
478 1824 551 1868 ita
572 1822 823 1868 discedens
847 1825 1164 1883 praeceperat
1183 1819 1402 1881 optimus
1426 1817 1579 1863 armis

172 1941 176 1944 .
229 1903 428 1948 Aeneas
451 1919 459 1948 :
498 1902 537 1946 si
562 1917 660 1962 qua
684 1900 877 1945 interea
903 1898 1106 1943 fortuna
1130 1896 1320 1954 fuisset,

229 1979 281 2024 N
284 1995 346 2024 eu
369 1983 561 2024 struere
585 1977 826 2022 auderent
851 1977 1006 2021 aciem
1032 1990 1130 2019 neu
1155 1974 1351 2019 credere
1375 1987 1550 2032 campo
1565 1988 1579 2030 3

230 2057 410 2102 Castra
434 2055 574 2101 modo
598 2059 648 2099 et
666 2058 802 2100 tutos
826 2057 1084 2098 servarent
1109 2067 1288 2113 aggere
1312 2066 1492 2096 muros.

230 2134 364 2194 Ergo
388 2134 481 2179 etsi
504 2132 726 2178 conferre
751 2147 959 2175 manum
983 2129 1142 2190 pudor
1165 2129 1339 2190 iraque
1363 2131 1629 2183 monstrat,

230 2209 466 2256 Obiciunt
493 2213 662 2270 portas
686 2212 859 2252 tamen
883 2212 933 2252 et
953 2210 1218 2267 praecepta
1242 2205 1512 2262 facessunt,

231 2286 530 2347 Armatique
554 2284 684 2330 cavis
708 2287 996 2345 exspectant
1022 2283 1247 2328 turribus
1270 2282 1476 2327 hostem.

232 2364 431 2408 Turnus
455 2366 513 2407 ut
538 2366 658 2407 ante
684 2360 855 2405 volans
879 2359 1078 2404 tardum
1105 2364 1440 2420 praecesserat,
1465 2373 1658 2418 agmen,

232 2439 431 2501 Viginti
451 2439 588 2484 lectis
613 2437 838 2498 equitum
858 2436 1126 2481 comitatus
1149 2440 1200 2480 et
1225 2435 1338 2480 urbi

234 2516 523 2577 Inprovisus
547 2515 686 2559 adest
706 2530 718 2571 3
756 2513 963 2558 maculis
988 2528 1135 2574 quem
1159 2513 1400 2557 Thracius
1425 2511 1550 2556 albis

235 2594 414 2638 Portat
439 2608 552 2637 ecus
576 2592 823 2651 cristaque
849 2590 975 2651 tegit
1000 2590 1141 2651 galea
1165 2606 1319 2635 aurea
1343 2589 1511 2634 rubra.

236 2670 418 2730 Ecquis
435 2669 547 2727 erit,
574 2684 780 2726 mecum,
806 2668 1026 2726 iuvenes,
1052 2669 1138 2728 qui
1163 2667 1354 2728 primus
1377 2666 1431 2711 in
1454 2666 1645 2711 hostem
1668 2666 1683 2709 2

237 2747 317 2791 En
335 2747 421 2804 ait,
447 2750 498 2791 et
522 2745 739 2790 iaculum
764 2748 1057 2805 attorquens
1082 2745 1271 2789 emittit
1295 2743 1348 2788 in
1372 2758 1536 2800 auras,

237 2823 545 2884 Principium
569 2837 782 2883 pugnae,
808 2825 859 2866 et
883 2836 1055 2881 campo
1080 2836 1182 2866 sese
1207 2820 1394 2875 arduus
1417 2818 1586 2864 infert.

214 2899 514 2959 3Clamorem
539 2897 792 2958 excipiunt
817 2897 931 2942 socii
954 2896 1257 2958 fremituque
1281 2900 1559 2956 sequuntur

238 2976 538 3022 Horrisono:
577 2975 821 3020 Teucrum
847 2975 1098 3020 mirantur
1122 2974 1305 3019 inertia
1329 2973 1490 3030 corda,

1838 669 1893 715 25

1838 1014 1933 1102 30.

1839 1834 1904 1874 40

1845 2601 1907 2647 50

1844 2985 1901 3032 55
