<?xml version="1.0" encoding="UTF-8"?>
<!DOCTYPE html PUBLIC "-//W3C//DTD XHTML 1.0 Transitional//EN"
    "http://www.w3.org/TR/xhtml1/DTD/xhtml1-transitional.dtd">
<html xmlns="http://www.w3.org/1999/xhtml" xml:lang="en" lang="en">
 <head>
  <title>
</title>
<meta http-equiv="Content-Type" content="text/html;charset=utf-8" />
  <meta name='ocr-system' content='tesseract 3.04.00' />
  <meta name='ocr-capabilities' content='ocr_page ocr_carea ocr_par ocr_line ocrx_word'/>
</head>
<body>
  <div class='ocr_page' id='page_1' title='image "aeneisix00virguoft_0028.png"; bbox 0 0 2151 3253; ppageno 0'>
   <div class='ocr_carea' id='block_1_1' title="bbox 211 227 1151 272">
    <p class='ocr_par' dir='ltr' id='par_1_1' title="bbox 211 227 1151 272">
     <span class='ocr_line' id='line_1_1' title="bbox 211 227 1151 272; baseline -0.005 0"><span class='ocrx_word' id='word_1_1' title='bbox 211 227 241 272; x_wconf 88' lang='lat'><strong>4</strong></span> <span class='ocrx_word' id='word_1_2' title='bbox 955 238 1151 268; x_wconf 80' lang='lat' dir='ltr'><strong>VERGIL.</strong></span> 
     </span>
    </p>
   </div>
   <div class='ocr_carea' id='block_1_2' title="bbox 210 353 1653 3042">
    <p class='ocr_par' dir='ltr' id='par_1_2' title="bbox 210 353 1483 570">
     <span class='ocr_line' id='line_1_2' title="bbox 210 353 1416 417; baseline -0.007 -13"><span class='ocrx_word' id='word_1_3' title='bbox 210 358 325 404; x_wconf 81' lang='lat' dir='ltr'>Neu</span> <span class='ocrx_word' id='word_1_4' title='bbox 349 374 496 404; x_wconf 86' lang='lat' dir='ltr'>cursu</span> <span class='ocrx_word' id='word_1_5' title='bbox 520 360 783 417; x_wconf 88' lang='lat' dir='ltr'>quassatae</span> <span class='ocrx_word' id='word_1_6' title='bbox 806 355 908 400; x_wconf 91' lang='lat' dir='ltr'>ullo</span> <span class='ocrx_word' id='word_1_7' title='bbox 931 369 1029 399; x_wconf 93' lang='lat' dir='ltr'>neu</span> <span class='ocrx_word' id='word_1_8' title='bbox 1052 353 1254 398; x_wconf 91' lang='lat' dir='ltr'>turbine</span> <span class='ocrx_word' id='word_1_9' title='bbox 1279 353 1416 397; x_wconf 84' lang='lat' dir='ltr'>venti</span> 
     </span>
     <span class='ocr_line' id='line_1_3' title="bbox 212 429 1460 494; baseline -0.006 -14"><span class='ocrx_word' id='word_1_10' title='bbox 212 436 501 481; x_wconf 88' lang='lat' dir='ltr'>Vincantur</span> <span class='ocrx_word' id='word_1_11' title='bbox 518 451 530 492; x_wconf 77' lang='lat'><em>3</em></span> <span class='ocrx_word' id='word_1_12' title='bbox 568 433 725 494; x_wconf 84' lang='lat' dir='ltr'>prosit</span> <span class='ocrx_word' id='word_1_13' title='bbox 749 431 934 477; x_wconf 87' lang='lat' dir='ltr'>nostris</span> <span class='ocrx_word' id='word_1_14' title='bbox 956 432 1011 476; x_wconf 91' lang='lat' dir='ltr'>in</span> <span class='ocrx_word' id='word_1_15' title='bbox 1035 429 1286 475; x_wconf 89' lang='lat' dir='ltr'>montibus</span> <span class='ocrx_word' id='word_1_16' title='bbox 1311 434 1460 474; x_wconf 87' lang='lat' dir='ltr'>ortas.</span> 
     </span>
     <span class='ocr_line' id='line_1_4' title="bbox 214 506 1483 570; baseline -0.006 -11"><span class='ocrx_word' id='word_1_17' title='bbox 214 513 370 560; x_wconf 86' lang='lat' dir='ltr'>Filius</span> <span class='ocrx_word' id='word_1_18' title='bbox 394 512 509 556; x_wconf 88' lang='lat' dir='ltr'>huic</span> <span class='ocrx_word' id='word_1_19' title='bbox 533 516 720 567; x_wconf 88' lang='lat' dir='ltr'>contra,</span> <span class='ocrx_word' id='word_1_20' title='bbox 747 513 947 570; x_wconf 87' lang='lat' dir='ltr'>torquet</span> <span class='ocrx_word' id='word_1_21' title='bbox 973 508 1057 570; x_wconf 90' lang='lat' dir='ltr'>qui</span> <span class='ocrx_word' id='word_1_22' title='bbox 1097 508 1257 553; x_wconf 82' lang='lat' dir='ltr'>sidera</span> <span class='ocrx_word' id='word_1_23' title='bbox 1283 506 1483 551; x_wconf 81' lang='lat' dir='ltr'>mundi:</span> 
     </span>
    </p>

    <p class='ocr_par' dir='ltr' id='par_1_3' title="bbox 212 583 1560 710">
     <span class='ocr_line' id='line_1_5' title="bbox 213 583 1560 649; baseline -0.005 -15"><span class='ocrx_word' id='word_1_24' title='bbox 213 589 254 635; x_wconf 91' lang='lat' dir='ltr'>O</span> <span class='ocrx_word' id='word_1_25' title='bbox 278 587 519 649; x_wconf 77' lang='lat' dir='ltr'>genetrix,</span> <span class='ocrx_word' id='word_1_26' title='bbox 546 603 641 648; x_wconf 89' lang='lat' dir='ltr'>quo</span> <span class='ocrx_word' id='word_1_27' title='bbox 665 586 775 631; x_wconf 82' lang='lat' dir='ltr'>fata</span> <span class='ocrx_word' id='word_1_28' title='bbox 800 587 975 630; x_wconf 69' lang='lat' dir='ltr'>vocas?</span> <span class='ocrx_word' id='word_1_29' title='bbox 1012 589 1101 629; x_wconf 90' lang='lat' dir='ltr'>aut</span> <span class='ocrx_word' id='word_1_30' title='bbox 1127 583 1247 644; x_wconf 90' lang='lat' dir='ltr'>quid</span> <span class='ocrx_word' id='word_1_31' title='bbox 1271 583 1399 644; x_wconf 91' lang='lat' dir='ltr'>petis</span> <span class='ocrx_word' id='word_1_32' title='bbox 1422 583 1560 628; x_wconf 66' lang='lat' dir='ltr'>istis?</span> 
     </span>
     <span class='ocr_line' id='line_1_6' title="bbox 212 659 1365 710; baseline -0.005 0"><span class='ocrx_word' id='word_1_33' title='bbox 212 663 485 710; x_wconf 85' lang='lat' dir='ltr'>Mortaline</span> <span class='ocrx_word' id='word_1_34' title='bbox 508 679 663 708; x_wconf 87' lang='lat' dir='ltr'>manu</span> <span class='ocrx_word' id='word_1_35' title='bbox 687 662 853 707; x_wconf 85' lang='lat' dir='ltr'>factae</span> <span class='ocrx_word' id='word_1_36' title='bbox 876 660 1143 706; x_wconf 73' lang='lat' dir='ltr'><strong>inmortale</strong></span> <span class='ocrx_word' id='word_1_37' title='bbox 1167 659 1365 705; x_wconf 89' lang='lat' dir='ltr'>carinae</span> 
     </span>
    </p>

    <p class='ocr_par' dir='ltr' id='par_1_4' title="bbox 211 735 1556 1266">
     <span class='ocr_line' id='line_1_7' title="bbox 212 735 1556 798; baseline -0.005 -12"><span class='ocrx_word' id='word_1_38' title='bbox 212 741 309 787; x_wconf 88' lang='lat' dir='ltr'>Fas</span> <span class='ocrx_word' id='word_1_39' title='bbox 333 740 589 785; x_wconf 68' lang='lat' dir='ltr'>habeant‘.Z</span> <span class='ocrx_word' id='word_1_40' title='bbox 625 742 886 798; x_wconf 86' lang='lat' dir='ltr'>certusque</span> <span class='ocrx_word' id='word_1_41' title='bbox 911 738 1100 782; x_wconf 90' lang='lat' dir='ltr'>incerta</span> <span class='ocrx_word' id='word_1_42' title='bbox 1128 735 1348 796; x_wconf 90' lang='lat' dir='ltr'>pericula</span> <span class='ocrx_word' id='word_1_43' title='bbox 1373 736 1556 780; x_wconf 89' lang='lat' dir='ltr'>lustret</span> 
     </span>
     <span class='ocr_line' id='line_1_8' title="bbox 213 815 1386 876; baseline -0.005 -12"><span class='ocrx_word' id='word_1_44' title='bbox 213 819 447 864; x_wconf 69' lang='lat' dir='ltr'>Aeneas?</span> <span class='ocrx_word' id='word_1_45' title='bbox 482 817 562 863; x_wconf 94' lang='lat' dir='ltr'>cui</span> <span class='ocrx_word' id='word_1_46' title='bbox 586 820 734 862; x_wconf 86' lang='lat' dir='ltr'>tanta</span> <span class='ocrx_word' id='word_1_47' title='bbox 760 816 847 861; x_wconf 92' lang='lat' dir='ltr'>deo</span> <span class='ocrx_word' id='word_1_48' title='bbox 871 815 1110 876; x_wconf 87' lang='lat' dir='ltr'>permissa</span> <span class='ocrx_word' id='word_1_49' title='bbox 1134 815 1386 875; x_wconf 67' lang='lat' dir='ltr'>potestas?</span> 
     </span>
     <span class='ocr_line' id='line_1_9' title="bbox 214 890 1518 952; baseline -0.005 -12"><span class='ocrx_word' id='word_1_50' title='bbox 214 895 377 940; x_wconf 90' lang='lat' dir='ltr'>Immo</span> <span class='ocrx_word' id='word_1_51' title='bbox 401 894 487 940; x_wconf 91' lang='lat' dir='ltr'>ubi</span> <span class='ocrx_word' id='word_1_52' title='bbox 511 892 776 938; x_wconf 74' lang='lat' dir='ltr'>defunctae</span> <span class='ocrx_word' id='word_1_53' title='bbox 800 892 950 937; x_wconf 88' lang='lat' dir='ltr'>finem</span> <span class='ocrx_word' id='word_1_54' title='bbox 975 896 1249 952; x_wconf 88' lang='lat' dir='ltr'>portusque</span> <span class='ocrx_word' id='word_1_55' title='bbox 1273 890 1518 935; x_wconf 89' lang='lat' dir='ltr'>tenebunt</span> 
     </span>
     <span class='ocr_line' id='line_1_10' title="bbox 211 969 1388 1034; baseline -0.005 -14"><span class='ocrx_word' id='word_1_56' title='bbox 211 974 459 1020; x_wconf 87' lang='lat' dir='ltr'>Ausonios</span> <span class='ocrx_word' id='word_1_57' title='bbox 482 973 612 1032; x_wconf 93' lang='lat' dir='ltr'>olim,</span> <span class='ocrx_word' id='word_1_58' title='bbox 641 987 979 1034; x_wconf 89' lang='lat' dir='ltr'>quaecumque</span> <span class='ocrx_word' id='word_1_59' title='bbox 1004 972 1216 1016; x_wconf 81' lang='lat' dir='ltr'>evaserit</span> <span class='ocrx_word' id='word_1_60' title='bbox 1241 969 1388 1015; x_wconf 89' lang='lat' dir='ltr'>undis</span> 
     </span>
     <span class='ocr_line' id='line_1_11' title="bbox 213 1047 1505 1111; baseline -0.004 -15"><span class='ocrx_word' id='word_1_61' title='bbox 213 1050 626 1111; x_wconf 88' lang='lat' dir='ltr'>Dardaniumque</span> <span class='ocrx_word' id='word_1_62' title='bbox 651 1049 822 1094; x_wconf 90' lang='lat' dir='ltr'>ducem</span> <span class='ocrx_word' id='word_1_63' title='bbox 848 1048 1124 1093; x_wconf 86' lang='lat' dir='ltr'>Laurentia</span> <span class='ocrx_word' id='word_1_64' title='bbox 1150 1047 1341 1092; x_wconf 84' lang='lat' dir='ltr'>vexerit</span> <span class='ocrx_word' id='word_1_65' title='bbox 1366 1063 1505 1103; x_wconf 85' lang='lat' dir='ltr'>arva,</span> 
     </span>
     <span class='ocr_line' id='line_1_12' title="bbox 217 1123 1465 1186; baseline -0.005 -13"><span class='ocrx_word' id='word_1_66' title='bbox 217 1127 482 1173; x_wconf 78' lang='lat' dir='ltr'>Mortalem</span> <span class='ocrx_word' id='word_1_67' title='bbox 507 1126 714 1186; x_wconf 78' lang='lat' dir='ltr'>eripiam</span> <span class='ocrx_word' id='word_1_68' title='bbox 738 1124 967 1181; x_wconf 78' lang='lat' dir='ltr'>formam,</span> <span class='ocrx_word' id='word_1_69' title='bbox 995 1124 1264 1185; x_wconf 80' lang='lat' dir='ltr'>magnique</span> <span class='ocrx_word' id='word_1_70' title='bbox 1288 1123 1465 1168; x_wconf 91' lang='lat' dir='ltr'>iubebo</span> 
     </span>
     <span class='ocr_line' id='line_1_13' title="bbox 213 1200 1291 1266; baseline -0.005 -16"><span class='ocrx_word' id='word_1_71' title='bbox 213 1204 459 1266; x_wconf 87' lang='lat' dir='ltr'>Aequoris</span> <span class='ocrx_word' id='word_1_72' title='bbox 484 1218 584 1248; x_wconf 89' lang='lat' dir='ltr'>esse</span> <span class='ocrx_word' id='word_1_73' title='bbox 610 1203 735 1259; x_wconf 89' lang='lat' dir='ltr'>deas,</span> <span class='ocrx_word' id='word_1_74' title='bbox 763 1202 924 1264; x_wconf 87' lang='lat' dir='ltr'>qualis</span> <span class='ocrx_word' id='word_1_75' title='bbox 947 1200 1132 1246; x_wconf 82' lang='lat' dir='ltr'>Nereia</span> <span class='ocrx_word' id='word_1_76' title='bbox 1158 1202 1291 1246; x_wconf 91' lang='lat' dir='ltr'>Doto</span> 
     </span>
    </p>

    <p class='ocr_par' dir='ltr' id='par_1_5' title="bbox 217 1280 1554 1573">
     <span class='ocr_line' id='line_1_14' title="bbox 217 1280 1531 1340; baseline -0.004 -13"><span class='ocrx_word' id='word_1_77' title='bbox 217 1282 285 1327; x_wconf 89' lang='lat' dir='ltr'>Et</span> <span class='ocrx_word' id='word_1_78' title='bbox 310 1280 520 1327; x_wconf 81' lang='lat' dir='ltr'>Galatea</span> <span class='ocrx_word' id='word_1_79' title='bbox 547 1285 715 1325; x_wconf 89' lang='lat' dir='ltr'>secant</span> <span class='ocrx_word' id='word_1_80' title='bbox 742 1283 1059 1340; x_wconf 76' lang='lat' dir='ltr'>spumantem</span> <span class='ocrx_word' id='word_1_81' title='bbox 1084 1284 1281 1340; x_wconf 77' lang='lat' dir='ltr'>pectore</span> <span class='ocrx_word' id='word_1_82' title='bbox 1306 1282 1531 1339; x_wconf 89' lang='lat' dir='ltr'>pontum.</span> 
     </span>
     <span class='ocr_line' id='line_1_15' title="bbox 217 1357 1554 1421; baseline -0.004 -13"><span class='ocrx_word' id='word_1_83' title='bbox 217 1363 443 1419; x_wconf 88' lang='lat' dir='ltr'>Dixerat,</span> <span class='ocrx_word' id='word_1_84' title='bbox 471 1360 616 1421; x_wconf 86' lang='lat' dir='ltr'>idque</span> <span class='ocrx_word' id='word_1_85' title='bbox 640 1364 810 1405; x_wconf 90' lang='lat' dir='ltr'>ratum</span> <span class='ocrx_word' id='word_1_86' title='bbox 839 1359 1000 1420; x_wconf 75' lang='lat' dir='ltr'>Stygii</span> <span class='ocrx_word' id='word_1_87' title='bbox 1025 1375 1113 1420; x_wconf 90' lang='lat' dir='ltr'>per</span> <span class='ocrx_word' id='word_1_88' title='bbox 1138 1359 1347 1403; x_wconf 90' lang='lat' dir='ltr'>fiumina</span> <span class='ocrx_word' id='word_1_89' title='bbox 1366 1357 1554 1415; x_wconf 83' lang='lat' dir='ltr'>fratris,</span> 
     </span>
     <span class='ocr_line' id='line_1_16' title="bbox 218 1435 1359 1500; baseline -0.004 -15"><span class='ocrx_word' id='word_1_90' title='bbox 218 1439 316 1485; x_wconf 90' lang='lat' dir='ltr'>Per</span> <span class='ocrx_word' id='word_1_91' title='bbox 339 1439 443 1500; x_wconf 83' lang='lat' dir='ltr'>pice</span> <span class='ocrx_word' id='word_1_92' title='bbox 468 1438 705 1482; x_wconf 89' lang='lat' dir='ltr'>torrentis</span> <span class='ocrx_word' id='word_1_93' title='bbox 729 1440 942 1497; x_wconf 91' lang='lat' dir='ltr'>atraque</span> <span class='ocrx_word' id='word_1_94' title='bbox 966 1435 1200 1496; x_wconf 80' lang='lat' dir='ltr'>voragine</span> <span class='ocrx_word' id='word_1_95' title='bbox 1224 1435 1359 1496; x_wconf 81' lang='lat' dir='ltr'>ripas</span> 
     </span>
     <span class='ocr_line' id='line_1_17' title="bbox 219 1511 1459 1573; baseline -0.005 -11"><span class='ocrx_word' id='word_1_96' title='bbox 219 1516 434 1573; x_wconf 91' lang='lat' dir='ltr'>Annuit,</span> <span class='ocrx_word' id='word_1_97' title='bbox 455 1519 505 1560; x_wconf 89' lang='lat' dir='ltr'>et</span> <span class='ocrx_word' id='word_1_98' title='bbox 529 1519 693 1560; x_wconf 88' lang='lat' dir='ltr'>totum</span> <span class='ocrx_word' id='word_1_99' title='bbox 718 1518 849 1558; x_wconf 88' lang='lat' dir='ltr'>nutu</span> <span class='ocrx_word' id='word_1_100' title='bbox 872 1511 1153 1558; x_wconf 83' lang='lat' dir='ltr'>tremefecit</span> <span class='ocrx_word' id='word_1_101' title='bbox 1179 1512 1459 1573; x_wconf 82' lang='lat' dir='ltr'>Olympum.</span> 
     </span>
    </p>

    <p class='ocr_par' dir='ltr' id='par_1_6' title="bbox 220 1589 1555 1806">
     <span class='ocr_line' id='line_1_18' title="bbox 287 1589 1555 1654; baseline -0.004 -15"><span class='ocrx_word' id='word_1_102' title='bbox 287 1594 420 1654; x_wconf 87' lang='lat' dir='ltr'>Ergo</span> <span class='ocrx_word' id='word_1_103' title='bbox 445 1592 622 1638; x_wconf 90' lang='lat' dir='ltr'>aderat</span> <span class='ocrx_word' id='word_1_104' title='bbox 645 1592 885 1653; x_wconf 88' lang='lat' dir='ltr'>promissa</span> <span class='ocrx_word' id='word_1_105' title='bbox 911 1591 1013 1636; x_wconf 89' lang='lat' dir='ltr'>dies</span> <span class='ocrx_word' id='word_1_106' title='bbox 1038 1595 1088 1635; x_wconf 92' lang='lat' dir='ltr'>et</span> <span class='ocrx_word' id='word_1_107' title='bbox 1114 1595 1339 1651; x_wconf 88' lang='lat' dir='ltr'>tempora</span> <span class='ocrx_word' id='word_1_108' title='bbox 1366 1589 1555 1634; x_wconf 88' lang='lat' dir='ltr'>Parcae</span> 
     </span>
     <span class='ocr_line' id='line_1_19' title="bbox 222 1666 1529 1730; baseline -0.004 -14"><span class='ocrx_word' id='word_1_109' title='bbox 222 1670 406 1717; x_wconf 83' lang='lat' dir='ltr'>Debita</span> <span class='ocrx_word' id='word_1_110' title='bbox 431 1669 753 1730; x_wconf 81' lang='lat' dir='ltr'>complerant,</span> <span class='ocrx_word' id='word_1_111' title='bbox 779 1684 890 1713; x_wconf 89' lang='lat' dir='ltr'>cum</span> <span class='ocrx_word' id='word_1_112' title='bbox 916 1666 1073 1712; x_wconf 88' lang='lat' dir='ltr'>Turni</span> <span class='ocrx_word' id='word_1_113' title='bbox 1092 1667 1280 1712; x_wconf 88' lang='lat' dir='ltr'>iniuria</span> <span class='ocrx_word' id='word_1_114' title='bbox 1307 1666 1529 1712; x_wconf 81' lang='lat' dir='ltr'>Matrem</span> 
     </span>
     <span class='ocr_line' id='line_1_20' title="bbox 220 1743 1368 1806; baseline -0.003 -13"><span class='ocrx_word' id='word_1_115' title='bbox 220 1746 500 1793; x_wconf 85' lang='lat' dir='ltr'>Admonuit</span> <span class='ocrx_word' id='word_1_116' title='bbox 522 1746 717 1791; x_wconf 87' lang='lat' dir='ltr'>ratibus</span> <span class='ocrx_word' id='word_1_117' title='bbox 741 1745 892 1790; x_wconf 89' lang='lat' dir='ltr'>sacris</span> <span class='ocrx_word' id='word_1_118' title='bbox 916 1744 1157 1806; x_wconf 78' lang='lat' dir='ltr'>depellere</span> <span class='ocrx_word' id='word_1_119' title='bbox 1181 1743 1368 1790; x_wconf 87' lang='lat' dir='ltr'>taedas.</span> 
     </span>
    </p>

    <p class='ocr_par' dir='ltr' id='par_1_7' title="bbox 221 1822 1641 2195">
     <span class='ocr_line' id='line_1_21' title="bbox 222 1822 1482 1886; baseline -0.003 -15"><span class='ocrx_word' id='word_1_120' title='bbox 222 1826 322 1872; x_wconf 89' lang='lat' dir='ltr'>Hic</span> <span class='ocrx_word' id='word_1_121' title='bbox 346 1825 563 1886; x_wconf 90' lang='lat' dir='ltr'>primum</span> <span class='ocrx_word' id='word_1_122' title='bbox 588 1838 717 1868; x_wconf 88' lang='lat' dir='ltr'>nova</span> <span class='ocrx_word' id='word_1_123' title='bbox 733 1823 822 1868; x_wconf 92' lang='lat' dir='ltr'>lux</span> <span class='ocrx_word' id='word_1_124' title='bbox 846 1822 997 1867; x_wconf 86' lang='lat' dir='ltr'>oculis</span> <span class='ocrx_word' id='word_1_125' title='bbox 1022 1822 1207 1868; x_wconf 85' lang='lat' dir='ltr'>offulsit</span> <span class='ocrx_word' id='word_1_126' title='bbox 1233 1828 1282 1867; x_wconf 93' lang='lat' dir='ltr'>et</span> <span class='ocrx_word' id='word_1_127' title='bbox 1306 1823 1482 1883; x_wconf 88' lang='lat' dir='ltr'>ingens</span> 
     </span>
     <span class='ocr_line' id='line_1_22' title="bbox 221 1899 1505 1949; baseline -0.002 -2"><span class='ocrx_word' id='word_1_128' title='bbox 221 1903 376 1949; x_wconf 83' lang='lat' dir='ltr'>Visus</span> <span class='ocrx_word' id='word_1_129' title='bbox 399 1903 462 1948; x_wconf 89' lang='lat' dir='ltr'>ab</span> <span class='ocrx_word' id='word_1_130' title='bbox 487 1903 688 1947; x_wconf 86' lang='lat' dir='ltr'>Aurora</span> <span class='ocrx_word' id='word_1_131' title='bbox 714 1900 907 1946; x_wconf 88' lang='lat' dir='ltr'>caelum</span> <span class='ocrx_word' id='word_1_132' title='bbox 932 1904 1281 1945; x_wconf 80' lang='lat' dir='ltr'>transcurrere</span> <span class='ocrx_word' id='word_1_133' title='bbox 1306 1899 1505 1945; x_wconf 86' lang='lat' dir='ltr'>nimbus</span> 
     </span>
     <span class='ocr_line' id='line_1_23' title="bbox 222 1977 1481 2041; baseline -0.003 -15"><span class='ocrx_word' id='word_1_134' title='bbox 222 1980 458 2041; x_wconf 89' lang='lat' dir='ltr'>Idaeique</span> <span class='ocrx_word' id='word_1_135' title='bbox 484 1979 619 2025; x_wconf 90' lang='lat' dir='ltr'>chori</span> <span class='ocrx_word' id='word_1_136' title='bbox 638 1995 650 2032; x_wconf 82' lang='lat'>3</span> <span class='ocrx_word' id='word_1_137' title='bbox 689 1982 799 2022; x_wconf 92' lang='lat' dir='ltr'>tum</span> <span class='ocrx_word' id='word_1_138' title='bbox 824 1993 920 2022; x_wconf 77' lang='lat' dir='ltr'>vox</span> <span class='ocrx_word' id='word_1_139' title='bbox 944 1977 1192 2023; x_wconf 87' lang='lat' dir='ltr'>horrenda</span> <span class='ocrx_word' id='word_1_140' title='bbox 1217 1993 1305 2038; x_wconf 88' lang='lat' dir='ltr'>per</span> <span class='ocrx_word' id='word_1_141' title='bbox 1330 1993 1481 2022; x_wconf 86' lang='lat' dir='ltr'>auras</span> 
     </span>
     <span class='ocr_line' id='line_1_24' title="bbox 223 2053 1641 2116; baseline -0.003 -12"><span class='ocrx_word' id='word_1_142' title='bbox 223 2057 425 2104; x_wconf 82' lang='lat' dir='ltr'>Excidit</span> <span class='ocrx_word' id='word_1_143' title='bbox 451 2062 501 2103; x_wconf 88' lang='lat' dir='ltr'>et</span> <span class='ocrx_word' id='word_1_144' title='bbox 526 2057 708 2102; x_wconf 88' lang='lat' dir='ltr'>Troum</span> <span class='ocrx_word' id='word_1_145' title='bbox 735 2056 1145 2116; x_wconf 82' lang='lat' dir='ltr'>Rutulorumque</span> <span class='ocrx_word' id='word_1_146' title='bbox 1169 2054 1372 2116; x_wconf 84' lang='lat' dir='ltr'>agmina</span> <span class='ocrx_word' id='word_1_147' title='bbox 1397 2053 1609 2115; x_wconf 88' lang='lat' dir='ltr'>complet</span> <span class='ocrx_word' id='word_1_148' title='bbox 1633 2071 1641 2100; x_wconf 94' lang='lat'><strong>:</strong></span> 
     </span>
     <span class='ocr_line' id='line_1_25' title="bbox 224 2131 1434 2195; baseline -0.003 -15"><span class='ocrx_word' id='word_1_149' title='bbox 224 2134 305 2181; x_wconf 85' lang='lat' dir='ltr'>Ne</span> <span class='ocrx_word' id='word_1_150' title='bbox 328 2134 576 2195; x_wconf 85' lang='lat' dir='ltr'>trepidate</span> <span class='ocrx_word' id='word_1_151' title='bbox 600 2149 749 2191; x_wconf 89' lang='lat' dir='ltr'>meas,</span> <span class='ocrx_word' id='word_1_152' title='bbox 775 2133 962 2189; x_wconf 88' lang='lat' dir='ltr'>Teucri,</span> <span class='ocrx_word' id='word_1_153' title='bbox 990 2131 1252 2177; x_wconf 76' lang='lat' dir='ltr'>defendere</span> <span class='ocrx_word' id='word_1_154' title='bbox 1276 2131 1434 2189; x_wconf 81' lang='lat' dir='ltr'>navis,</span> 
     </span>
    </p>

    <p class='ocr_par' dir='ltr' id='par_1_8' title="bbox 225 2208 1578 2348">
     <span class='ocr_line' id='line_1_26' title="bbox 226 2208 1578 2258; baseline -0.003 -1"><span class='ocrx_word' id='word_1_155' title='bbox 226 2212 367 2258; x_wconf 70' lang='lat' dir='ltr'>Neve</span> <span class='ocrx_word' id='word_1_156' title='bbox 386 2215 581 2256; x_wconf 88' lang='lat' dir='ltr'>armate</span> <span class='ocrx_word' id='word_1_157' title='bbox 604 2226 783 2255; x_wconf 86' lang='lat' dir='ltr'>manus</span> <span class='ocrx_word' id='word_1_158' title='bbox 805 2227 813 2255; x_wconf 91' lang='lat'>:</span> <span class='ocrx_word' id='word_1_159' title='bbox 851 2210 1011 2255; x_wconf 88' lang='lat' dir='ltr'>maria</span> <span class='ocrx_word' id='word_1_160' title='bbox 1035 2214 1155 2254; x_wconf 86' lang='lat' dir='ltr'>ante</span> <span class='ocrx_word' id='word_1_161' title='bbox 1181 2223 1386 2253; x_wconf 92' lang='lat' dir='ltr'>exurere</span> <span class='ocrx_word' id='word_1_162' title='bbox 1410 2208 1578 2253; x_wconf 89' lang='lat' dir='ltr'>Turno</span> 
     </span>
     <span class='ocr_line' id='line_1_27' title="bbox 225 2284 1496 2348; baseline -0.004 -14"><span class='ocrx_word' id='word_1_163' title='bbox 225 2289 390 2344; x_wconf 79' lang='lat' dir='ltr'>Quam</span> <span class='ocrx_word' id='word_1_164' title='bbox 417 2304 580 2334; x_wconf 85' lang='lat' dir='ltr'>sacras</span> <span class='ocrx_word' id='word_1_165' title='bbox 606 2288 808 2333; x_wconf 89' lang='lat' dir='ltr'>dabitur</span> <span class='ocrx_word' id='word_1_166' title='bbox 833 2287 994 2348; x_wconf 89' lang='lat' dir='ltr'>pinus.</span> <span class='ocrx_word' id='word_1_167' title='bbox 1068 2285 1172 2331; x_wconf 86' lang='lat' dir='ltr'>Vos</span> <span class='ocrx_word' id='word_1_168' title='bbox 1196 2286 1266 2331; x_wconf 90' lang='lat' dir='ltr'>ite</span> <span class='ocrx_word' id='word_1_169' title='bbox 1290 2284 1496 2342; x_wconf 88' lang='lat' dir='ltr'>solutae,</span> 
     </span>
    </p>

    <p class='ocr_par' dir='ltr' id='par_1_9' title="bbox 226 2363 1633 2581">
     <span class='ocr_line' id='line_1_28' title="bbox 226 2363 1633 2426; baseline -0.004 -15"><span class='ocrx_word' id='word_1_170' title='bbox 226 2366 308 2411; x_wconf 88' lang='lat' dir='ltr'>Ite</span> <span class='ocrx_word' id='word_1_171' title='bbox 333 2365 453 2411; x_wconf 86' lang='lat' dir='ltr'>deae</span> <span class='ocrx_word' id='word_1_172' title='bbox 477 2364 639 2426; x_wconf 87' lang='lat' dir='ltr'>pelagi</span> <span class='ocrx_word' id='word_1_173' title='bbox 662 2382 670 2410; x_wconf 91' lang='lat'>:</span> <span class='ocrx_word' id='word_1_174' title='bbox 710 2363 953 2409; x_wconf 79' lang='lat' dir='ltr'>Genetrix</span> <span class='ocrx_word' id='word_1_175' title='bbox 976 2363 1128 2409; x_wconf 90' lang='lat' dir='ltr'>iubet.</span> <span class='ocrx_word' id='word_1_176' title='bbox 1203 2363 1270 2407; x_wconf 88' lang='lat' dir='ltr'>Et</span> <span class='ocrx_word' id='word_1_177' title='bbox 1296 2378 1386 2408; x_wconf 89' lang='lat' dir='ltr'>sua</span> <span class='ocrx_word' id='word_1_178' title='bbox 1411 2376 1633 2422; x_wconf 87' lang='lat' dir='ltr'>quaeque</span> 
     </span>
     <span class='ocr_line' id='line_1_29' title="bbox 229 2439 1389 2503; baseline -0.004 -14"><span class='ocrx_word' id='word_1_179' title='bbox 229 2443 477 2489; x_wconf 83' lang='lat' dir='ltr'>Continuo</span> <span class='ocrx_word' id='word_1_180' title='bbox 502 2457 689 2503; x_wconf 87' lang='lat' dir='ltr'>puppes</span> <span class='ocrx_word' id='word_1_181' title='bbox 714 2441 1025 2502; x_wconf 89' lang='lat' dir='ltr'>abrumpunt</span> <span class='ocrx_word' id='word_1_182' title='bbox 1050 2440 1249 2485; x_wconf 79' lang='lat' dir='ltr'>vincula</span> <span class='ocrx_word' id='word_1_183' title='bbox 1268 2439 1389 2500; x_wconf 88' lang='lat' dir='ltr'>ripis</span> 
     </span>
     <span class='ocr_line' id='line_1_30' title="bbox 230 2516 1496 2581; baseline -0.003 -16"><span class='ocrx_word' id='word_1_184' title='bbox 230 2519 636 2581; x_wconf 76' lang='lat' dir='ltr'>Delphinumque</span> <span class='ocrx_word' id='word_1_185' title='bbox 660 2518 802 2564; x_wconf 91' lang='lat' dir='ltr'>modo</span> <span class='ocrx_word' id='word_1_186' title='bbox 827 2517 1060 2564; x_wconf 86' lang='lat' dir='ltr'>demersis</span> <span class='ocrx_word' id='word_1_187' title='bbox 1085 2533 1300 2578; x_wconf 90' lang='lat' dir='ltr'>aequora</span> <span class='ocrx_word' id='word_1_188' title='bbox 1323 2516 1496 2562; x_wconf 86' lang='lat' dir='ltr'>rostris</span> 
     </span>
    </p>

    <p class='ocr_par' dir='ltr' id='par_1_10' title="bbox 230 2593 1653 2810">
     <span class='ocr_line' id='line_1_31' title="bbox 230 2593 1653 2657; baseline -0.004 -14"><span class='ocrx_word' id='word_1_189' title='bbox 230 2598 343 2643; x_wconf 87' lang='lat' dir='ltr'>Ima</span> <span class='ocrx_word' id='word_1_190' title='bbox 366 2601 561 2657; x_wconf 89' lang='lat' dir='ltr'>petunt.</span> <span class='ocrx_word' id='word_1_191' title='bbox 636 2597 772 2642; x_wconf 91' lang='lat' dir='ltr'>Hinc</span> <span class='ocrx_word' id='word_1_192' title='bbox 796 2595 1050 2657; x_wconf 78' lang='lat' dir='ltr'>virgineae</span> <span class='ocrx_word' id='word_1_193' title='bbox 1077 2594 1326 2657; x_wconf 87' lang='lat' dir='ltr'>(mirabile</span> <span class='ocrx_word' id='word_1_194' title='bbox 1350 2593 1653 2655; x_wconf 82' lang='lat' dir='ltr'>monstrum)</span> 
     </span>
     <span class='ocr_line' id='line_1_32' title="bbox 232 2667 1552 2737; baseline -0.002 -19"><span class='ocrx_word' id='word_1_195' title='bbox 232 2671 385 2737; x_wconf 79' lang='lat' dir='ltr'>[Quot</span> <span class='ocrx_word' id='word_1_196' title='bbox 410 2673 547 2734; x_wconf 89' lang='lat' dir='ltr'>prius</span> <span class='ocrx_word' id='word_1_197' title='bbox 571 2678 772 2718; x_wconf 89' lang='lat' dir='ltr'>aeratae</span> <span class='ocrx_word' id='word_1_198' title='bbox 798 2676 1046 2718; x_wconf 89' lang='lat' dir='ltr'>steterant</span> <span class='ocrx_word' id='word_1_199' title='bbox 1071 2671 1136 2717; x_wconf 90' lang='lat' dir='ltr'>ad</span> <span class='ocrx_word' id='word_1_200' title='bbox 1161 2671 1309 2717; x_wconf 89' lang='lat' dir='ltr'>litora</span> <span class='ocrx_word' id='word_1_201' title='bbox 1337 2667 1552 2734; x_wconf 88' lang='lat' dir='ltr'>prorae,]</span> 
     </span>
     <span class='ocr_line' id='line_1_33' title="bbox 233 2747 1499 2810; baseline -0.003 -14"><span class='ocrx_word' id='word_1_202' title='bbox 233 2750 472 2797; x_wconf 90' lang='lat' dir='ltr'>Reddunt</span> <span class='ocrx_word' id='word_1_203' title='bbox 497 2765 548 2795; x_wconf 86' lang='lat' dir='ltr'>se</span> <span class='ocrx_word' id='word_1_204' title='bbox 571 2749 778 2795; x_wconf 87' lang='lat' dir='ltr'>totidem</span> <span class='ocrx_word' id='word_1_205' title='bbox 804 2748 953 2794; x_wconf 81' lang='lat' dir='ltr'>facies</span> <span class='ocrx_word' id='word_1_206' title='bbox 976 2753 1226 2810; x_wconf 85' lang='lat' dir='ltr'>pontoque</span> <span class='ocrx_word' id='word_1_207' title='bbox 1251 2747 1499 2793; x_wconf 82' lang='lat' dir='ltr'>feruntur.</span> 
     </span>
    </p>

    <p class='ocr_par' dir='ltr' id='par_1_11' title="bbox 233 2825 1638 3042">
     <span class='ocr_line' id='line_1_34' title="bbox 301 2825 1498 2888; baseline -0.003 -16"><span class='ocrx_word' id='word_1_208' title='bbox 301 2826 596 2888; x_wconf 85' lang='lat' dir='ltr'>Obstipuere</span> <span class='ocrx_word' id='word_1_209' title='bbox 621 2825 800 2871; x_wconf 83' lang='lat' dir='ltr'>animis</span> <span class='ocrx_word' id='word_1_210' title='bbox 820 2825 1001 2871; x_wconf 86' lang='lat' dir='ltr'>Rutuli</span> <span class='ocrx_word' id='word_1_211' title='bbox 1021 2841 1033 2883; x_wconf 82' lang='lat'>3</span> <span class='ocrx_word' id='word_1_212' title='bbox 1071 2825 1371 2871; x_wconf 84' lang='lat' dir='ltr'>conterritus</span> <span class='ocrx_word' id='word_1_213' title='bbox 1395 2825 1498 2886; x_wconf 90' lang='lat' dir='ltr'>ipse</span> 
     </span>
     <span class='ocr_line' id='line_1_35' title="bbox 233 2904 1506 2967; baseline -0.003 -14"><span class='ocrx_word' id='word_1_214' title='bbox 233 2907 469 2954; x_wconf 84' lang='lat' dir='ltr'>Turbatis</span> <span class='ocrx_word' id='word_1_215' title='bbox 494 2905 752 2967; x_wconf 87' lang='lat' dir='ltr'>Messapus</span> <span class='ocrx_word' id='word_1_216' title='bbox 773 2905 909 2966; x_wconf 85' lang='lat' dir='ltr'>equis</span> <span class='ocrx_word' id='word_1_217' title='bbox 926 2922 938 2963; x_wconf 78' lang='lat'><em>3</em></span> <span class='ocrx_word' id='word_1_218' title='bbox 976 2909 1245 2950; x_wconf 86' lang='lat' dir='ltr'>cunctatur</span> <span class='ocrx_word' id='word_1_219' title='bbox 1269 2909 1320 2950; x_wconf 91' lang='lat' dir='ltr'>et</span> <span class='ocrx_word' id='word_1_220' title='bbox 1345 2904 1506 2949; x_wconf 90' lang='lat' dir='ltr'>amnis</span> 
     </span>
     <span class='ocr_line' id='line_1_36' title="bbox 233 2979 1638 3042; baseline -0.004 -12"><span class='ocrx_word' id='word_1_221' title='bbox 233 2983 407 3030; x_wconf 84' lang='lat' dir='ltr'>Rauca</span> <span class='ocrx_word' id='word_1_222' title='bbox 433 2998 613 3029; x_wconf 89' lang='lat' dir='ltr'>sonans</span> <span class='ocrx_word' id='word_1_223' title='bbox 636 2986 930 3042; x_wconf 86' lang='lat' dir='ltr'>revocatque</span> <span class='ocrx_word' id='word_1_224' title='bbox 955 2981 1129 3042; x_wconf 89' lang='lat' dir='ltr'>pedem</span> <span class='ocrx_word' id='word_1_225' title='bbox 1152 2980 1414 3026; x_wconf 84' lang='lat' dir='ltr'>Tiberinus</span> <span class='ocrx_word' id='word_1_226' title='bbox 1439 2979 1501 3025; x_wconf 88' lang='lat' dir='ltr'>ab</span> <span class='ocrx_word' id='word_1_227' title='bbox 1526 2979 1638 3025; x_wconf 86' lang='lat' dir='ltr'>alto.</span> 
     </span>
    </p>
   </div>
   <div class='ocr_carea' id='block_1_3' title="bbox 1822 672 1881 720">
    <p class='ocr_par' dir='ltr' id='par_1_12' title="bbox 1822 672 1881 720">
     <span class='ocr_line' id='line_1_37' title="bbox 1822 672 1881 720; baseline -0.017 0"><span class='ocrx_word' id='word_1_228' title='bbox 1822 672 1881 720; x_wconf 85' lang='lat'>95</span> 
     </span>
    </p>
   </div>
   <div class='ocr_carea' id='block_1_4' title="bbox 1799 1064 1889 1093">
    <p class='ocr_par' dir='ltr' id='par_1_13' title="bbox 1799 1064 1889 1093">
     <span class='ocr_line' id='line_1_38' title="bbox 1799 1064 1889 1093; baseline 0.011 -1"><span class='ocrx_word' id='word_1_229' title='bbox 1799 1064 1889 1093; x_wconf 90' lang='lat'>100</span> 
     </span>
    </p>
   </div>
   <div class='ocr_carea' id='block_1_5' title="bbox 1803 1450 1889 1497">
    <p class='ocr_par' dir='ltr' id='par_1_14' title="bbox 1803 1450 1889 1497">
     <span class='ocr_line' id='line_1_39' title="bbox 1803 1450 1889 1497; baseline 0.012 -16"><span class='ocrx_word' id='word_1_230' title='bbox 1803 1450 1889 1497; x_wconf 89' lang='lat'>105</span> 
     </span>
    </p>
   </div>
   <div class='ocr_carea' id='block_1_6' title="bbox 1806 1839 1897 1868">
    <p class='ocr_par' dir='ltr' id='par_1_15' title="bbox 1806 1839 1897 1868">
     <span class='ocr_line' id='line_1_40' title="bbox 1806 1839 1897 1868; baseline 0.011 -1"><span class='ocrx_word' id='word_1_231' title='bbox 1806 1839 1897 1868; x_wconf 89' lang='lat'>110</span> 
     </span>
    </p>
   </div>
   <div class='ocr_carea' id='block_1_7' title="bbox 1806 2222 1893 2269">
    <p class='ocr_par' dir='ltr' id='par_1_16' title="bbox 1806 2222 1893 2269">
     <span class='ocr_line' id='line_1_41' title="bbox 1806 2222 1893 2269; baseline -0.011 -15"><span class='ocrx_word' id='word_1_232' title='bbox 1806 2222 1893 2269; x_wconf 85' lang='lat'>¹15</span> 
     </span>
    </p>
   </div>
   <div class='ocr_carea' id='block_1_8' title="bbox 1812 2611 1902 2640">
    <p class='ocr_par' dir='ltr' id='par_1_17' title="bbox 1812 2611 1902 2640">
     <span class='ocr_line' id='line_1_42' title="bbox 1812 2611 1902 2640; baseline 0 0"><span class='ocrx_word' id='word_1_233' title='bbox 1812 2611 1902 2640; x_wconf 91' lang='lat'>120</span> 
     </span>
    </p>
   </div>
   <div class='ocr_carea' id='block_1_9' title="bbox 1814 2996 1900 3042">
    <p class='ocr_par' dir='ltr' id='par_1_18' title="bbox 1814 2996 1900 3042">
     <span class='ocr_line' id='line_1_43' title="bbox 1814 2996 1900 3042; baseline 0 -16"><span class='ocrx_word' id='word_1_234' title='bbox 1814 2996 1900 3042; x_wconf 89' lang='lat'>125</span> 
     </span>
    </p>
   </div>
  </div>
 </body>
</html>
