2151 3253
997 226 1186 258 AENEID
1225 229 1291 258 1x.
1919 221 1974 264 21

309 338 610 398 Agminibus
634 340 753 384 totis
778 344 867 384 aut
892 341 1020 385 versi
1045 345 1187 402 terga
1213 342 1386 387 dedere

308 414 418 460 Aut
441 414 544 475 ipso
568 420 742 476 portae
767 432 970 477 posuere
995 417 1048 461 in
1075 417 1241 463 limine
1266 419 1438 464 vitam.

309 488 434 534 Tum
460 492 614 551 magis
637 491 918 537 increscunt
942 493 1117 538 animis
1142 494 1443 539 discordibus
1466 495 1571 540 irae
1588 513 1599 553 3

307 565 377 610 Et
399 566 500 612 iam
518 567 707 613 collecti
732 568 879 614 Troes
903 569 1245 630 glomerantur
1269 571 1437 616 eodem

306 640 374 687 Et
398 642 621 689 conferre
645 660 852 689 manum
876 650 926 690 et
951 661 1237 705 procurrere
1262 646 1455 707 longius
1479 647 1677 693 audent.
1877 654 1971 712 690

373 719 582 766 Ductori
605 722 771 766 Tiu·no
797 721 988 766 diversa
1008 722 1060 766 in
1086 728 1230 782 parte
1254 723 1446 768 furenti

303 795 648 859 Turbantique
672 800 802 844 viros
825 798 1080 859 perfertur
1105 799 1330 856 nuntius,
1357 799 1548 846 hostem

304 872 344 917 F
345 888 513 919 ervere
536 874 678 920 caede
703 889 830 920 nova
855 878 905 920 et
930 879 1100 936 portas
1124 876 1361 935 praebere
1385 877 1617 937 patentis.

304 949 501 996 Deserit
524 951 774 1012 inceptum
801 956 952 1012 atque
977 952 1184 996 immani
1209 953 1427 998 concitus
1451 953 1526 997 ira

303 1025 614 1072 Dardaniam
639 1029 742 1072 ruit
767 1027 827 1072 ad
852 1032 1049 1088 portam
1075 1027 1352 1089 fratresque
1377 1030 1623 1090 superbos.
1875 1037 1965 1094 695

303 1102 372 1147 Et
396 1104 612 1164 primum
636 1103 959 1164 Antiphaten
988 1103 1049 1167 (is
1074 1104 1205 1149 enim
1230 1121 1280 1150 se
1305 1105 1495 1166 primus
1519 1105 1724 1169 agebat)

300 1178 535 1226 Thebana
561 1181 618 1226 de
644 1185 804 1226 matre
829 1181 1040 1226 nothum
1067 1181 1358 1242 Sarpedonis
1383 1184 1489 1241 alti,

301 1257 532 1305 Conieoto
556 1260 737 1305 sternit
761 1259 915 1305 iaculo
932 1277 944 1318 3
982 1260 1118 1305 volat
1144 1261 1277 1305 Itala
1303 1278 1479 1307 cornus

299 1334 436 1381 Ae'ra
461 1352 548 1397 per
570 1341 799 1381 tenerum
826 1337 1175 1398 stomachoque
1201 1337 1357 1383 infixa
1382 1339 1474 1383 sub
1499 1339 1659 1384 altum

302 1411 483 1460 Pectus
507 1413 614 1458 abit
637 1431 645 1459 :
686 1412 847 1457 reddit
873 1428 1043 1473 specus
1067 1414 1166 1458 atri
1191 1414 1406 1459 volneris
1431 1415 1614 1460 undam
1878 1432 1970 1478 700

301 1492 644 1553 Spumantem,
670 1494 720 1534 et
738 1489 836 1535 fixo
860 1489 1053 1535 ferrum
1077 1492 1129 1535 in
1155 1490 1388 1551 pulmone
1413 1492 1631 1553 tepescit.

297 1567 425 1613 Tum
435 1566 692 1627 Meropem
702 1570 852 1627 atque
870 1565 1152 1627 Erymanta
1165 1583 1333 1624 manu,
1347 1572 1455 1612 tum
1474 1568 1968 1629 sternitAphidnum3

296 1644 424 1689 Tum
450 1642 623 1687 Bitian
646 1641 905 1687 ardentem
930 1642 1080 1687 oculis
1105 1642 1382 1704 animisque
1410 1643 1719 1702 frementem,

296 1719 414 1765 Non
437 1717 620 1776 iaculo3
658 1732 816 1778 neque
841 1717 973 1763 enim
997 1717 1156 1763 iaculo
1183 1720 1341 1763 vitam
1365 1719 1447 1764 ille
1471 1719 1680 1766 dedisset
1702 1737 1712 1776 3

299 1796 392 1842 Sed
417 1810 653 1856 magnum
677 1793 889 1840 stridens
914 1799 1142 1840 contorta
1169 1796 1422 1857 phalarica
1446 1798 1598 1855 venit,
1875 1815 1963 1862 705

296 1872 540 1918 Fulminis
565 1876 678 1916 acta
703 1871 861 1929 modo,
889 1888 1041 1932 quam
1066 1889 1154 1918 nec
1180 1874 1275 1918 duo
1299 1878 1478 1919 taurea
1502 1879 1645 1935 terga

295 1949 402 1995 Nec
426 1947 608 2009 duplici
633 1963 841 2009 squama
865 1948 1015 1993 lorica
1040 1949 1197 1995 fidelis
1221 1954 1272 1995 et
1297 1966 1419 1996 auro

299 2025 577 2072 Sustinuit:
617 2025 847 2085 conlapsa
873 2029 1034 2070 ruunt
1059 2025 1298 2072 immania
1323 2027 1560 2072 membra.

297 2103 403 2148 Dat
426 2101 575 2147 tellus
599 2101 856 2162 gemitum,
882 2105 932 2145 et
957 2101 1169 2162 clipeum
1195 2118 1339 2163 super
1363 2103 1565 2148 intonat
1588 2104 1776 2165 ingens.

296 2178 430 2224 Talis
453 2178 507 2223 in
533 2177 749 2222 Euboico
775 2177 1019 2222 Baiarum
1043 2178 1188 2224 litore
1214 2179 1463 2240 quondam
1873 2198 1965 2242 710

301 2256 460 2302 Saxea
485 2254 586 2316 pila
611 2253 761 2311 cadit,
788 2254 983 2314 magnis
1007 2270 1159 2314 quam
1184 2255 1392 2300 molibus
1417 2260 1536 2301 ante

296 2333 642 2379 Constructam
670 2334 822 2392 ponto
850 2331 1041 2376 iaciunt
1056 2348 1069 2389 3
1107 2332 1173 2376 sic
1198 2333 1283 2377 illa
1308 2333 1507 2378 ruinam

295 2408 460 2455 Prona
484 2407 645 2454 trahit
669 2407 965 2468 penitusque
991 2408 1126 2453 vadis
1149 2408 1296 2454 inlisa
1321 2410 1564 2456 recumbit
1587 2428 1595 2456 :

296 2484 512 2530 Miscent
536 2499 585 2529 se
610 2483 785 2540 maria,
813 2488 863 2528 et
889 2483 1063 2545 nigrae
1088 2485 1398 2530 attolluntur
1423 2485 1666 2544 harenae3

294 2561 421 2606 Tum
445 2561 612 2607 sonitu
637 2559 886 2621 Prochyta
911 2560 1015 2605 alta
1041 2562 1214 2607 tremit
1240 2562 1519 2624 durumque
1544 2563 1703 2608 cubile
1875 2580 1962 2627 715

295 2639 518 2684 Inarime
542 2637 676 2682 Iovis
699 2637 919 2698 imperiis
942 2637 1140 2697 inposta
1165 2638 1407 2700 Typhoeo.

363 2715 462 2760 Hic
486 2713 628 2759 Mars
652 2715 955 2774 armipotens
980 2715 1204 2759 animum
1228 2715 1446 2777 virisque
1474 2716 1668 2762 Latinis

295 2789 504 2835 Addidit
528 2794 578 2835 et
601 2789 826 2834 stimulos
851 2805 987 2835 acres
1011 2791 1103 2836 sub
1127 2796 1321 2852 pectore
1346 2792 1499 2837 vertit

296 2865 594 2927 Inmisitque
620 2865 813 2927 Fugam
836 2866 1034 2911 Teucris
1060 2872 1326 2928 atrumque
1351 2867 1616 2913 Timorem.

294 2941 532 3003 Undique
555 2941 870 2998 conveniunt,
898 2943 1134 3003 quoniam
1160 2944 1278 2989 data
1304 2944 1442 3005 copia
1468 2960 1666 3005 pugnae
1872 2961 1965 3006 720
