2151 3253
863 226 1051 257 AENEID
1088 226 1155 257 lx.
1789 213 1837 256 1]

183 343 409 401 Luserat,
434 341 642 402 insignis
667 340 804 398 facie,
831 341 1085 401 multoque
1110 340 1303 385 iacebat

184 421 411 467 Membra
435 420 522 466 deo
546 420 707 465 victus
723 436 735 477 ,-
762 419 894 477 felix,
923 418 963 463 si
988 419 1216 479 protinus
1240 418 1380 462 illum

181 498 459 558 Aequasset
482 496 615 542 nocti
639 496 812 541 ludum
836 496 889 541 in
914 495 1170 556 lucemque
1194 495 1391 540 tulisset
1415 512 1423 540 ε

182 575 420 636 Inpastus
444 589 531 620 ceu
555 573 701 634 plena
726 573 801 618 leo
827 588 914 634 per
938 572 1086 617 ovilia
1111 573 1337 628 turbans,

182 649 393 713 (Suadet
417 651 549 696 enim
573 666 755 695 vesana
781 649 957 712 fames)
983 649 1267 710 manditque
1291 648 1548 709 trahitque
1753 666 1847 709 340

181 726 334 772 Molle
357 742 503 787 pecus
527 730 824 787 mutumque
850 730 986 771 metu
1004 743 1016 783 3
1043 725 1212 770 fremit
1239 740 1321 770 ore
1347 730 1563 770 cruentO.

179 803 285 849 Nec
308 804 468 848 minor
493 803 702 864 Euryali
727 803 923 861 caedes,
949 803 1178 848 incensus
1203 805 1253 846 et
1277 802 1380 862 ipse

180 880 417 937 Perfurit,
444 896 499 925 ac
524 879 738 924 multam
762 879 814 924 in
840 879 998 924 medio
1023 880 1127 924 sine
1152 879 1349 923 nomine
1374 879 1579 939 plebem,

181 956 470 1018 Fadumque
495 956 875 1016 Herbesumque
901 956 1035 1002 subit
1060 955 1411 1016 Rhoetumque
1435 954 1761 1016 Abarimque,

180 1035 405 1096 Ignaros,
433 1034 684 1080 Rhoetum
709 1034 1004 1094 vigilantem
1033 1037 1083 1078 et
1108 1037 1287 1078 cuncta
1312 1033 1579 1089 videntem,
1752 1049 1812 1091 34
1820 1048 1842 1094 5

182 1112 275 1158 Sed
299 1126 539 1172 magnum
557 1116 783 1156 metuens
808 1126 857 1156 se
881 1114 990 1171 post
1017 1114 1212 1155 cratera
1237 1110 1467 1170 tegebat,

180 1189 388 1234 Pectore
412 1188 465 1233 in
489 1188 694 1233 adverso
718 1192 883 1233 totum
906 1188 986 1232 cui
1010 1187 1282 1232 comminus
1306 1202 1470 1231 ensem

181 1265 411 1311 Condidit
437 1265 726 1326 adsurgenti
751 1268 801 1310 et
826 1264 985 1309 multa
1010 1268 1168 1310 morte
1193 1264 1388 1324 recepit.

180 1343 493 1404 Purpuream
517 1342 672 1388 vomit
697 1342 779 1387 ille
803 1342 1023 1387 animam
1049 1346 1098 1387 et
1123 1358 1235 1387 cum
1261 1340 1500 1401 sanguine
1526 1341 1682 1386 mixta

178 1420 317 1465 Vina
341 1418 497 1465 refert
521 1420 734 1465 moriens
752 1436 765 1477 ,·
792 1419 870 1464 hic
894 1418 1031 1464 furto
1055 1419 1274 1465 fervidus
1299 1420 1467 1465 instat.
1753 1437 1778 1479 3
1787 1435 1847 1481 5ο

178 1497 389 1558 Iamque
413 1496 474 1542 ad
500 1497 715 1557 Messapi
741 1497 891 1542 socios
916 1497 1154 1542 tendebat
1175 1515 1186 1550 3
1211 1496 1280 1541 ibi
1305 1497 1469 1557 ignem

180 1575 401 1620 Deficere
425 1579 703 1620 extremum
727 1579 777 1620 et
802 1575 1032 1636 religatos
1057 1575 1152 1619 rite
1177 1575 1375 1621 videbat

180 1651 395 1712 Carpere
419 1667 627 1712 gramen
652 1667 827 1712 equos:
855 1651 1073 1697 breviter
1097 1668 1208 1697 cum
1232 1651 1357 1696 talia
1380 1651 1533 1696 Nisus

181 1727 370 1788 (Sensit
396 1728 524 1774 enim
551 1727 705 1773 nimia
729 1729 875 1774 caede
900 1732 1052 1789 atque
1077 1728 1304 1789 cupidine
1329 1727 1470 1791 ferri)

177 1805 501 1850 Absistamus
525 1805 612 1863 ait,
639 1822 756 1851 nam
781 1806 868 1851 lux
892 1806 1091 1851 inimica
1115 1806 1432 1867 propinquat.
1752 1823 1842 1869 355

179 1881 461 1928 Poenarum
486 1882 785 1927 exhaustum
810 1883 932 1927 satis
956 1886 1028 1928 est
1050 1900 1061 1941 3
1088 1883 1170 1927 via
1195 1882 1331 1927 facta
1357 1899 1443 1944 per
1466 1882 1633 1929 host-is,

187 1959 357 2004 Multa
381 1949 545 2004 {irum
569 1959 721 2004 solido
745 1964 953 2020 argento
978 1960 1198 2020 perfecta
1224 1959 1474 2004 relincunt

177 2036 438 2096 Armaque
463 2041 781 2096 craterasque
805 2035 953 2080 simul
977 2036 1303 2097 pulchrosque
1326 2041 1539 2096 tapetas

178 2112 429 2171 Euryalus
453 2104 680 2173 phaleras
704 2112 1003 2157 Rhamnetis
1027 2118 1077 2157 et
1102 2129 1252 2158 aurea
1277 2113 1425 2157 bullis

181 2189 409 2250 Cingula,
434 2189 629 2235 Tiburti
656 2190 867 2235 Remulo
893 2189 1163 2235 ditissimus
1187 2191 1302 2235 olim
1751 2196 1846 2253 360

177 2267 316 2322 Quae
340 2266 500 2311 mittit
524 2266 667 2323 dona,
694 2266 906 2327 hospitio
931 2283 1044 2312 cum
1069 2268 1298 2328 iungeret-
1322 2267 1511 2325 absens,

178 2342 413 2389 Caedicus
434 2359 445 2388 :
472 2343 554 2388 ille
578 2359 664 2388 suo
689 2344 901 2389 moriens
927 2344 1012 2389 dat
1036 2344 1220 2390 habere
1245 2345 1427 2406 nepoti,

179 2422 299 2467 Post
324 2426 533 2467 mortem
557 2421 685 2467 bello
710 2422 892 2467 Rutuli
917 2439 1185 2484 pugnaque
1209 2424 1357 2484 potiti
1377 2441 1387 2469 :

180 2499 322 2543 Haec
345 2498 476 2559 rapit
501 2502 654 2559 atque
678 2499 862 2544 umeris
885 2501 1191 2561 nequiquam
1216 2501 1430 2546 fortibus
1453 2506 1611 2563 aptat.

177 2575 305 2621 Tum
329 2575 522 2636 galeam
547 2574 766 2636 Messapi
790 2576 1007 2622 habilem
1033 2577 1292 2638 cristisque
1316 2577 1540 2623 decoram
1751 2584 1810 2640 36
1817 2596 1841 2642 5

178 2651 367 2697 Induit.
440 2651 702 2698 Excedunt
727 2653 899 2698 castris
924 2659 973 2699 et
996 2657 1111 2698 tuta
1137 2658 1407 2714 capessunt.

246 2729 451 2775 Interea
474 2730 730 2790 praemissi
754 2731 943 2790 equites
967 2746 1028 2775 ex
1052 2731 1174 2776 urbe
1199 2731 1399 2789 Latina,

181 2806 358 2852 Cetera
380 2805 498 2851 dum
522 2806 648 2867 legio
673 2807 855 2867 campis
880 2807 1128 2853 instructa
1152 2813 1393 2867 moratur,

180 2883 336 2927 Ibant
360 2886 410 2928 et
434 2883 601 2928 Turno
625 2883 731 2944 regi
757 2899 990 2944 responsa
1015 2884 1259 2942 ferebant,

179 2958 274 3003 Ter
298 2963 513 3016 centum,
539 2959 722 3004 scutati
746 2975 929 3017 omnes,
957 2960 1197 3006 Volcente
1224 2963 1474 3022 magistro.
1749 2978 1845 3024 370
